@article{Minkoff2006,
    title = {{A comparison of adaptive time stepping methods for coupled flow and deformation modeling}},
    year = {2006},
    journal = {Applied Mathematical Modelling},
    author = {Minkoff, Susan E. and Kridler, Nicholas M.},
    number = {9},
    month = {9},
    pages = {993--1009},
    volume = {30},
    url = {http://linkinghub.elsevier.com/retrieve/pii/S0307904X05001381},
    isbn = {0307-904X},
    doi = {10.1016/j.apm.2005.08.002},
    issn = {0307904X},
    keywords = {Adaptivity, Coupled processes, Flow, Mechanics, Petroleum engineering}
}

@article{Asadi2015,
    title = {{A comparison of finite volume formulations and coupling strategies for two-phase flow in deforming porous media}},
    year = {2015},
    journal = {Computers and Geotechnics},
    author = {Asadi, Roza and Ataie-Ashtiani, Behzad},
    month = {6},
    pages = {17--32},
    volume = {67},
    publisher = {Elsevier Ltd},
    url = {http://dx.doi.org/10.1016/j.compgeo.2015.02.004 http://linkinghub.elsevier.com/retrieve/pii/S0266352X15000348},
    isbn = {0266-352X},
    doi = {10.1016/j.compgeo.2015.02.004},
    issn = {0266352X},
    keywords = {Deformable porous media, Finite volume method, Fully coupled, Iteratively coupled, Picard scheme, Primary variables, Two phase flow}
}

@article{Dean2006,
    title = {{A Comparison of Techniques for Coupling Porous Flow and Geomechanics}},
    year = {2006},
    journal = {SPE Journal},
    author = {Dean, Rick H and Gai, Xiuli and Stone, Charles M and Minkoff, Susan E},
    number = {01},
    month = {3},
    pages = {132--140},
    volume = {11},
    url = {http://www.onepetro.org/mslib/app/Preview.do?paperNumber=SPE-79709-PA&societyCode=SPE http://www.onepetro.org/doi/10.2118/79709-PA},
    doi = {10.2118/79709-PA},
    issn = {1086-055X}
}

@article{Gai2004,
    title = {{A coupled geomechanics and reservoir flow model on parallel computers}},
    year = {2004},
    author = {Gai, Xiuli and Wheeler, Mary F},
    pages = {239--239},
    volume = {3142723},
    url = {http://search.proquest.com/docview/305131208?accountid=49668},
    isbn = {9780496007776; 0496007777},
    pmid = {305131208},
    keywords = {0765:Petroleum production, Applied sciences, Geomechanics, Land subsidence, Petroleum production, Reservoir flow}
}

@article{Yang2014,
    title = {{A fully coupled multiphase flow and geomechanics solver for highly heterogeneous porous media}},
    year = {2014},
    journal = {Journal of Computational and Applied Mathematics},
    author = {Yang, Daegil and Moridis, George J. and Blasingame, Thomas A.},
    month = {11},
    pages = {417--432},
    volume = {270},
    publisher = {Elsevier B.V.},
    url = {http://dx.doi.org/10.1016/j.cam.2013.12.029 http://linkinghub.elsevier.com/retrieve/pii/S0377042713007024},
    doi = {10.1016/j.cam.2013.12.029},
    issn = {03770427},
    keywords = {Coupled multiphase flow and geomechanics, FEM, Heterogeneous media}
}

@article{Jha2007,
    title = {{A locally conservative finite element framework for the simulation of coupled flow and reservoir geomechanics}},
    year = {2007},
    journal = {Acta Geotechnica},
    author = {Jha, Birendra and Juanes, Ruben},
    number = {3},
    month = {10},
    pages = {139--153},
    volume = {2},
    url = {http://link.springer.com/10.1007/s11440-007-0033-0},
    isbn = {1861-1125},
    doi = {10.1007/s11440-007-0033-0},
    issn = {1861-1125},
    keywords = {Geomechanics, Iteratively coupled, Local mass conservation, Mixed finite elements, Oil and gas, Poroelasticity, Reservoir, Unconditionally stable, Undrained split}
}

@article{Freitag2013,
    title = {{A material description based on recurrent neural networks for fuzzy data and its application within the finite element method}},
    year = {2013},
    journal = {Computers {\&} Structures},
    author = {Freitag, S. and Graf, W. and Kaliske, M.},
    month = {8},
    pages = {29--37},
    volume = {124},
    publisher = {Elsevier Ltd},
    url = {http://dx.doi.org/10.1016/j.compstruc.2012.11.011 http://linkinghub.elsevier.com/retrieve/pii/S0045794912002842},
    doi = {10.1016/j.compstruc.2012.11.011},
    issn = {00457949},
    keywords = {Finite element method, Fuzzy data, Fuzzy structural analysis, Model-free material description, Recurrent neural networks, recurrent neural networks, {$\alpha$}-Level optimization}
}

@book{Jha2005,
    title = {{A mixed finite element framework for modeling coupled fluid flow and reservoir geomechanics}},
    year = {2005},
    author = {Jha, Birendra},
    number = {June}
}

@article{Yun2008,
    title = {{A new neural network-based model for hysteretic behavior of materials}},
    year = {2008},
    journal = {International Journal for Numerical Methods in Engineering},
    author = {Yun, Gun Jin and Ghaboussi, Jamshid and Elnashai, Amr S.},
    number = {4},
    month = {1},
    pages = {447--469},
    volume = {73},
    url = {http://doi.wiley.com/10.1002/nme.2082},
    isbn = {978-1-4577-0079-8},
    doi = {10.1002/nme.2082},
    issn = {00295981},
    pmid = {260949200001},
    arxivId = {1010.1724},
    keywords = {dislocation, molecular dynamics, multiscale simulation, nanomechanics, non-equilibrium}
}

@article{Yang2013,
    title = {{A Simulator with Numerical Upscaling for the Analysis of Coupled Multiphase Flow and Geomechanics in Heterogeneous and Deformable Porous and Fractured Media}},
    year = {2013},
    author = {Yang, Daegil},
    number = {August},
    pages = {173},
    url = {http://hdl.handle.net/1969.1/151194}
}

@inproceedings{Gu2011,
    title = {{A Study Examining Coupled Geomechanics and Reservoir Fluid Flow Modeling}},
    year = {2011},
    booktitle = {Canadian Unconventional Resources Conference},
    author = {Gu, Edward Wei Hua and Sammon, Peter H. and Da Costa, Alvaro Maia and Cabral, Leonardo and de Souza, Luis Carlos and Pao, William},
    month = {4},
    pages = {1--17},
    publisher = {Society of Petroleum Engineers},
    url = {http://www.onepetro.org/doi/10.2118/149004-MS},
    isbn = {9781618394217},
    doi = {10.2118/149004-MS},
    keywords = {CSUG/SPE 149004}
}

@inproceedings{Gai2005,
    title = {{A Time-Stepping Scheme for Coupled Reservoir Flow and Geomechanics}},
    year = {2005},
    booktitle = {SPE Annual Technical Conference and Exhibition},
    author = {Gai, Xiuli and Sun, Shuyu and Wheeler, Mary Fanett and Klie, Hector},
    month = {4},
    publisher = {Society of Petroleum Engineers},
    url = {http://www.onepetro.org/mslib/servlet/onepetropreview?id=SPE-97054-MS%5Cnhttp://www.onepetro.org/doi/10.2118/97054-MS http://www.onepetro.org/doi/10.2118/97054-MS},
    doi = {10.2118/97054-MS}
}

@article{Settari2001,
    title = {{Advances in Coupled Geomechanical and Reservoir Modeling With Applications to Reservoir Compaction}},
    year = {2001},
    journal = {SPE Journal},
    author = {Settari, A and Walters, Dale A.},
    number = {03},
    month = {9},
    pages = {334--342},
    volume = {6},
    url = {http://www.onepetro.org/doi/10.2118/74142-PA},
    isbn = {9781555633745},
    doi = {10.2118/74142-PA},
    issn = {1086-055X},
    pmid = {74142}
}

@book{Sedgewick2011,
    title = {{Algorithms}},
    year = {2011},
    author = {Sedgewick, Robert and Wayne, Kevin},
    keywords = {icle}
}

@article{Faramarzi2014,
    title = {{An EPR-based self-learning approach to material modelling}},
    year = {2014},
    journal = {Computers {\&} Structures},
    author = {Faramarzi, Asaad and Alani, Amir M. and Javadi, Akbar A.},
    month = {6},
    pages = {63--71},
    volume = {137},
    publisher = {Elsevier Ltd},
    url = {http://dx.doi.org/10.1016/j.compstruc.2013.06.012 http://linkinghub.elsevier.com/retrieve/pii/S004579491300206X},
    isbn = {0045-7949},
    doi = {10.1016/j.compstruc.2013.06.012},
    issn = {00457949},
    keywords = {EPR, Evolutionary computation, Finite element, Material modelling, Self-learning}
}

@inproceedings{Tran2005,
    title = {{An Overview of Iterative Coupling Between Geomechanical Deformation and Reservoir Flow}},
    year = {2005},
    booktitle = {SPE International Thermal Operations and Heavy Oil Symposium},
    author = {Tran, D. and Nghiem, L. and Buchanan, L.},
    number = {1},
    month = {4},
    pages = {8--12},
    volume = {2005},
    publisher = {Society of Petroleum Engineers},
    url = {http://www.scopus.com/inward/record.url?eid=2-s2.0-33646571193&partnerID=tZOtx3y1%5Cnhttp://www.onepetro.org/doi/10.2118/97879-MS http://www.onepetro.org/doi/10.2118/97879-MS},
    isbn = {9781613990056},
    doi = {10.2118/97879-MS},
    issn = {01492136}
}

@article{Li2016,
    title = {{An unconditionally stable explicit and precise multiple timescale finite element modeling scheme for the fully coupled hydro-mechanical analysis of saturated poroelastic media}},
    year = {2016},
    journal = {Computers and Geotechnics},
    author = {Li, Gen and Tang, Chun-An and Li, Lian-Chong and Li, Hong},
    month = {1},
    pages = {69--81},
    volume = {71},
    publisher = {Elsevier Ltd},
    url = {http://dx.doi.org/10.1016/j.compgeo.2015.09.003 http://linkinghub.elsevier.com/retrieve/pii/S0266352X15001949},
    doi = {10.1016/j.compgeo.2015.09.003},
    issn = {0266352X},
    keywords = {Coupled hydro-mechanical analysis, Fully explicit, Multiple timescale, Poroelasticity, Precise integration method, Unconditionally stable}
}

@inproceedings{Inoue2009,
    title = {{Answers to Some Questions About the Coupling Between Fluid Flow and Rock Deformation in Oil Reservoirs}},
    year = {2009},
    booktitle = {SPE/EAGE Reservoir Characterization and Simulation Conference},
    author = {Inoue, Nelson and Fontoura, Sergio},
    month = {4},
    pages = {1--13},
    publisher = {Society of Petroleum Engineers},
    url = {http://www.onepetro.org/mslib/servlet/onepetropreview?id=SPE-125760-MS%7B&%7Dsoc=SPE http://www.onepetro.org/doi/10.2118/125760-MS},
    isbn = {9781555632663},
    doi = {10.2118/125760-MS}
}

@article{Banimahd2005,
    title = {{Artificial neural network for stress–strain behavior of sandy soils: Knowledge based verification}},
    year = {2005},
    journal = {Computers and Geotechnics},
    author = {Banimahd, M and Yasrobi, S.S. and {P.K.Woodward}},
    number = {5},
    month = {7},
    pages = {377--386},
    volume = {32},
    url = {http://www.sciencedirect.com/science/article/pii/S0266352X05000674 http://linkinghub.elsevier.com/retrieve/pii/S0266352X05000674},
    isbn = {0266-352X},
    doi = {10.1016/j.compgeo.2005.06.002},
    issn = {0266352X},
    keywords = {Artificial neural network, Sandy soils, Sensitivity analysis, Stress–strain, Undrained behavior}
}

@article{Tran2009,
    title = {{Aspects of Coupling Between Petroleum Reservoir Flow And Geomechanics}},
    year = {2009},
    journal = {43rd US Rock Mechanics Symposium 4th USCanada Rock Mechanics Symposium},
    author = {Tran, David and Nghiem, Long and Buchanan, Lloyd},
    pages = {14},
    url = {http://www.onepetro.org/mslib/servlet/onepetropreview?id=ARMA-09-089&amp;soc=ARMA&amp;speAppNameCookie=ONEPETRO},
    keywords = {absolute permeability, deformation, explicit coupling, full coupling, geomechanics, grid coupling, iterative coupling, porosity, pseudo coupling, reservoir porosity, true}
}

@article{Ghaboussi1998,
    title = {{Autoprogressive training of neural network constitutive models}},
    year = {1998},
    journal = {International Journal for Numerical Methods in Engineering},
    author = {Ghaboussi, Jamshid and Pecknold, David A and Zhang, Mingfu and Haj-Ali, Rami M.},
    number = {1},
    month = {5},
    pages = {105--126},
    volume = {42},
    url = {http://doi.wiley.com/10.1002/(SICI)1097-0207(19980515)42:1%3C105::AID-NME356%3E3.0.CO;2-V},
    doi = {10.1002/(SICI)1097-0207(19980515)42:1<105::AID-NME356>3.0.CO;2-V},
    issn = {0029-5981},
    keywords = {constitutive models, neural networks, non-linear, training}
}

@book{RodriguezYaquetto2011,
    title = {{Avalia{\c{c}}{\~{a}}o de Esquemas de Acoplamento na Simula{\c{c}}{\~{a}}o de Reservat{\'{o}}rios de Petr{\'{o}}leo}},
    year = {2011},
    author = {Rodriguez Yaquetto, Niurka Patricia},
    url = {http://www.maxwell.vrac.puc-rio.br/Busca_etds.php?strSecao=resultado&nrSeq=21716@2}
}

@article{NahasRibeiro2011,
    title = {{Avalia{\c{c}}{\~{a}}o de solu{\c{c}}ões num{\'{e}}ricas para an{\'{a}}lise de fluxo bif{\'{a}}sico com acoplamento geomec{\^{a}}nico em meios porosos heterog{\^{e}}neos}},
    year = {2011},
    author = {Nahas Ribeiro, Wagner},
    pages = {127},
    url = {http://www.maxwell.vrac.puc-rio.br/Busca_etds.php?strSecao=resultado&nrSeq=18563@1},
    doi = {10.17771/PUCRio.acad.18563}
}

@book{Nutaro2011,
    title = {{Building Software for Simulation: Theory and Algorithms, with Applications in C++}},
    year = {2011},
    author = {Nutaro, Jj},
    url = {http://books.google.com/books?hl=en&lr=&id=WZceCd74GRcC&oi=fnd&pg=PR9&dq=Building+Software+for+simulation+:+Theory+and+algorithms+with+applications+in+C%2B%2B&ots=Bx9_W4I4fB&sig=nXQbm2fNiOcPKoYXzS0EDF0We0k},
    isbn = {9780470414699}
}

@book{Martin2009,
    title = {{Clean Code}},
    year = {2009},
    author = {Martin, Robert c.},
    keywords = {icle}
}

@book{McConnell2004,
    title = {{Code Complete 2nd Edition}},
    year = {2004},
    author = {McConnell, Steven C.}
}

@article{Sidarta1998,
    title = {{Constitutive modeling of geomaterials from non-uniform material tests}},
    year = {1998},
    journal = {Computers and Geotechnics},
    author = {Sidarta, D.E. and Ghaboussi, J},
    number = {1},
    month = {1},
    pages = {53--71},
    volume = {22},
    url = {http://www.sciencedirect.com/science/article/pii/S0266352X97000359 http://linkinghub.elsevier.com/retrieve/pii/S0266352X97000359},
    doi = {10.1016/S0266-352X(97)00035-9},
    issn = {0266352X}
}

@article{Connell2009,
    title = {{Coupled flow and geomechanical processes during gas production from coal seams}},
    year = {2009},
    journal = {International Journal of Coal Geology},
    author = {Connell, L. D.},
    number = {1-2},
    pages = {18--28},
    volume = {79},
    publisher = {Elsevier B.V.},
    url = {http://dx.doi.org/10.1016/j.coal.2009.03.008},
    isbn = {0166-5162},
    doi = {10.1016/j.coal.2009.03.008},
    issn = {01665162},
    pmid = {25201},
    keywords = {Coal permeability, Coal seam methane, Coupled flow and geomechanics, Reservoir simulation}
}

@article{Singh2014,
    title = {{Coupled Flow and Geomechanics Modeling for Fractured Poroelastic Reservoirs}},
    year = {2014},
    author = {Singh, Gurpreet},
    pages = {201},
    url = {http://hdl.handle.net/2152/28473%5Cn}
}

@article{Minkoff2003,
    title = {{Coupled fluid flow and geomechanical deformation modeling}},
    year = {2003},
    journal = {Journal of Petroleum Science and Engineering},
    author = {Minkoff, Susan E. and Stone, C.Mike and Bryant, Steve and Peszynska, Malgorzata and Wheeler, Mary F.},
    number = {1-2},
    month = {5},
    pages = {37--56},
    volume = {38},
    url = {http://linkinghub.elsevier.com/retrieve/pii/S0920410503000214},
    isbn = {0920-4105},
    doi = {10.1016/S0920-4105(03)00021-4},
    issn = {09204105},
    keywords = {Coupled processes, Deformation, Flow, Mechanics, Petroleum engineering, Simulation}
}

@article{Dung2007,
    title = {{Coupled Fluid Flow-Geomechanics Simulations Applied To Compaction and Subsidence Estimation in Stress Sensitive {\&} Heterogeneous Reservoirs}},
    year = {2007},
    author = {Dung, Ta Quoc},
    pages = {198},
    url = {https://digital.library.adelaide.edu.au/dspace/handle/2440/56375}
}

@inproceedings{Luo2016,
    title = {{Coupled Geomechanics and Reservoir Flow Modeling on Distributed Memory Parallel Computers}},
    year = {2016},
    booktitle = {2016 IEEE 2nd International Conference on Big Data Security on Cloud (BigDataSecurity), IEEE International Conference on High Performance and Smart Computing (HPSC), and IEEE International Conference on Intelligent Data and Security (IDS)},
    author = {Luo, Jia and Wang, Kun and Liu, Hui and Chen, Zhangxin},
    month = {4},
    pages = {286--291},
    publisher = {IEEE},
    url = {http://ieeexplore.ieee.org/document/7502304/},
    isbn = {978-1-5090-2403-2},
    doi = {10.1109/BigDataSecurity-HPSC-IDS.2016.45}
}

@article{Thomas2003,
    title = {{Coupled Geomechanics and Reservoir Simulation}},
    year = {2003},
    journal = {SPE Journal},
    author = {Thomas, L.K. and Chin, L.Y. and Pierson, R.G. and Sylte, J.E.},
    number = {04},
    month = {12},
    pages = {350--358},
    volume = {8},
    url = {http://www.onepetro.org/mslib/app/Preview.do?paperNumber=00087339&societyCode=SPE http://www.onepetro.org/doi/10.2118/87339-PA},
    isbn = {978-1-55563-153-6},
    doi = {10.2118/87339-PA},
    issn = {1086-055X},
    pmid = {87339}
}

@article{Pan2009,
    title = {{Development and application of a coupled geomechanics model for a parallel compositional reservoir simulator}},
    year = {2009},
    author = {Pan, Feng},
    pages = {352},
    url = {http://hdl.handle.net/2152/7675},
    isbn = {1555631487}
}

@book{Shu2003,
    title = {{Development of an Efficient Fully Coupled Geomechanics and Fluid Flow Simulator}},
    year = {2003},
    author = {Shu, Tao}
}

@article{FlorezGuzman2012,
    title = {{Domain Decomposition Methods in Geomechanics}},
    year = {2012},
    author = {Florez Guzman, Horacio Antonio},
    pages = {292},
    url = {http://hdl.handle.net/2152/ETD-UT-2012-08-6120}
}

@phdthesis{Azevedo2005,
    title = {{Estudo experimental da influ{\^{e}}ncia de tensões na permeabilidade de rochas produtoras de petr{\'{o}}leo}},
    year = {2005},
    author = {Azevedo, Flavio da Silva}
}

@book{Disserta2002,
    title = {{Fl{\'{a}}via de Oliveira Lima Falc{\~{a}}o Efeitos geomec{\^{a}}nicos na simula{\c{c}}{\~{a}}o de reservat{\'{o}}rios de petr{\'{o}}leo}},
    year = {2002},
    author = {Disserta, Mestrado and Civil, Engenharia and Co-orientador, Fontoura and Nunes, Daniel and Filho, Miranda}
}

@article{Dusseault2011,
    title = {{Geomechanical challenges in petroleum reservoir exploitation}},
    year = {2011},
    journal = {KSCE Journal of Civil Engineering},
    author = {Dusseault, Maurice B.},
    number = {4},
    month = {4},
    pages = {669--678},
    volume = {15},
    url = {http://link.springer.com/10.1007/s12205-011-0007-5},
    isbn = {1226-7988},
    doi = {10.1007/s12205-011-0007-5},
    issn = {1226-7988},
    keywords = {borehole stability, hydraulic fracturing, petroleum geomechanics, sand production, thermal recovery, waste disposal}
}

@article{Yin2008,
    title = {{Geomechanics-Reservoir Modeling by Displacement Discontinuity-Finite Element Method}},
    year = {2008},
    author = {Yin, Shunde},
    pages = {151},
    url = {http://hdl.handle.net/10012/3826},
    isbn = {9780494433881}
}

@inproceedings{Tran2005a,
    title = {{Improved Iterative Coupling of Geomechanics With Reservoir Simulation}},
    year = {2005},
    booktitle = {SPE Reservoir Simulation Symposium},
    author = {Tran, D and Nghiem, L and Buchanan, L},
    month = {4},
    publisher = {Society of Petroleum Engineers},
    url = {https://www.onepetro.org/conference-paper/SPE-93244-MS%5Cnhttp://www.onepetro.org/doi/10.2118/93244-MS%5Cnhttp://www.onepetro.org/doi/10.2118/93244-MS http://www.onepetro.org/doi/10.2118/93244-MS},
    isbn = {9781613990100},
    doi = {10.2118/93244-MS}
}

@article{Fu2007,
    title = {{Integration of laboratory testing and constitutive modeling of soils}},
    year = {2007},
    journal = {Computers and Geotechnics},
    author = {Fu, Qingwei and Hashash, Youssef M.A. and Jung, Sungmoon and Ghaboussi, Jamshid},
    number = {5},
    month = {9},
    pages = {330--345},
    volume = {34},
    url = {http://linkinghub.elsevier.com/retrieve/pii/S0266352X07000651},
    isbn = {0266-352X},
    doi = {10.1016/j.compgeo.2007.05.008},
    issn = {0266352X},
    keywords = {Constitutive models, Inverse analysis, Laboratory testing, Neural network, Soil behavior}
}

@article{Javadi2009,
    title = {{Intelligent finite element method: An evolutionary approach to constitutive modeling}},
    year = {2009},
    journal = {Advanced Engineering Informatics},
    author = {Javadi, A.A. and Rezania, M.},
    number = {4},
    month = {10},
    pages = {442--451},
    volume = {23},
    publisher = {Elsevier Ltd},
    url = {http://dx.doi.org/10.1016/j.aei.2009.06.008 http://linkinghub.elsevier.com/retrieve/pii/S1474034609000378},
    doi = {10.1016/j.aei.2009.06.008},
    issn = {14740346}
}

@article{Lu2008,
    title = {{Iteratively Coupled Reservoir Simulation for Multiphase Flow in Porous Media}},
    year = {2008},
    author = {Lu, Bo},
    pages = {166},
    url = {http://hdl.handle.net/2152/3880},
    isbn = {9781604239263},
    doi = {10.2118/110114-MS}
}

@article{Kardani2012,
    title = {{Large deformation analysis in geomechanics using adaptive finite element methods}},
    year = {2012},
    author = {Kardani, Mina},
    number = {March},
    pages = {198},
    url = {http://hdl.handle.net/1959.13/928191}
}

@article{Zhao2015,
    title = {{Material behavior modeling with multi-output support vector regression}},
    year = {2015},
    journal = {Applied Mathematical Modelling},
    author = {Zhao, W. and Liu, J.K. and Chen, Y.Y.},
    number = {17},
    month = {9},
    pages = {5216--5229},
    volume = {39},
    publisher = {Elsevier Inc.},
    url = {http://www.sciencedirect.com/science/article/pii/S0307904X15002127 http://linkinghub.elsevier.com/retrieve/pii/S0307904X15002127},
    doi = {10.1016/j.apm.2015.03.036},
    issn = {0307904X},
    keywords = {Material modeling, Multi-support vector regression, Training}
}

@article{Johari2011,
    title = {{Modelling the mechanical behaviour of unsaturated soils using a genetic algorithm-based neural network}},
    year = {2011},
    journal = {Computers and Geotechnics},
    author = {Johari, A. and Javadi, A.A. and Habibagahi, G.},
    number = {1},
    month = {1},
    pages = {2--13},
    volume = {38},
    publisher = {Elsevier Ltd},
    url = {http://dx.doi.org/10.1016/j.compgeo.2010.08.011 http://linkinghub.elsevier.com/retrieve/pii/S0266352X10001151},
    isbn = {0266-352X},
    doi = {10.1016/j.compgeo.2010.08.011},
    issn = {0266352X},
    keywords = {Constitutive modelling, Genetic algorithm, Neural network, Stress-strain relationship, Unsaturated soil}
}

@article{Younis2011,
    title = {{Modern Advances in Software and Solution Algorithms for Reservoir Simulation}},
    year = {2011},
    author = {Younis, Rami},
    number = {August},
    pages = {204}
}

@article{Man2011,
    title = {{Neural network constitutive modelling for non-linear characterization of anisotropic materials}},
    year = {2011},
    journal = {International Journal for Numerical Methods in Engineering},
    author = {Man, H. and Furukawa, T.},
    number = {8},
    month = {2},
    pages = {939--957},
    volume = {85},
    url = {http://doi.wiley.com/10.1002/nme.2999},
    isbn = {978-1-4577-0079-8},
    doi = {10.1002/nme.2999},
    issn = {00295981},
    pmid = {260949200001},
    arxivId = {1010.1724},
    keywords = {dislocation, molecular dynamics, multiscale simulation, nanomechanics, non-equilibrium}
}

@article{FiratCabalar2010,
    title = {{Neuro-fuzzy based constitutive modeling of undrained response of Leighton Buzzard Sand mixtures}},
    year = {2010},
    journal = {Expert Systems with Applications},
    author = {Firat Cabalar, Ali and Cevik, Abdulkadir and Gokceoglu, Candan and Baykal, Gokhan},
    number = {1},
    month = {1},
    pages = {842--851},
    volume = {37},
    publisher = {Elsevier Ltd},
    url = {http://dx.doi.org/10.1016/j.eswa.2009.05.085 http://linkinghub.elsevier.com/retrieve/pii/S0957417409005235},
    isbn = {0957-4174},
    doi = {10.1016/j.eswa.2009.05.085},
    issn = {09574174},
    keywords = {Constitutive modeling, Leighton Buzzard Sand fraction B, Leighton Buzzard Sand fraction E, Neuro-fuzzy, Triaxial testing}
}

@article{Ghaboussi1998a,
    title = {{New nested adaptive neural networks (NANN) for constitutive modeling}},
    year = {1998},
    journal = {Computers and Geotechnics},
    author = {Ghaboussi, J. and Sidarta, D.E.},
    number = {1},
    month = {1},
    pages = {29--52},
    volume = {22},
    url = {http://linkinghub.elsevier.com/retrieve/pii/S0266352X97000347},
    isbn = {0266-352X},
    doi = {10.1016/S0266-352X(97)00034-7},
    issn = {0266352X}
}

@article{Hashash2004,
    title = {{Numerical implementation of a neural network based material model in finite element analysis}},
    year = {2004},
    journal = {International Journal for Numerical Methods in Engineering},
    author = {Hashash, Y. M. A. and Jung, S. and Ghaboussi, J.},
    number = {7},
    month = {2},
    pages = {989--1005},
    volume = {59},
    url = {http://doi.wiley.com/10.1002/nme.905},
    isbn = {1097-0207},
    doi = {10.1002/nme.905},
    issn = {0029-5981},
    keywords = {finite elements, material, neural networks, numerical implementation, stiffness matrix}
}

@inproceedings{RodriguezHernandez2011,
    title = {{Numerical Reservoir Simulation Coupled with Geomechanics State of the Art and Application in Reservoir Characterization}},
    year = {2011},
    booktitle = {SPE Annual Technical Conference and Exhibition},
    author = {Rodriguez Hernandez, Inti Illimani},
    number = {November},
    month = {4},
    pages = {5106--5118},
    volume = {6},
    publisher = {Society of Petroleum Engineers},
    url = {http://www.scopus.com/inward/record.url?eid=2-s2.0-84856757173&partnerID=tZOtx3y1%5Cnhttp://www.onepetro.org/doi/10.2118/152364-STU http://www.onepetro.org/doi/10.2118/152364-STU},
    isbn = {9781618392657},
    doi = {10.2118/152364-STU}
}

@article{Obrzud2009,
    title = {{Optimization framework for calibration of constitutive models enhanced by neural networks}},
    year = {2009},
    journal = {International Journal for Numerical and Analytical Methods in Geomechanics},
    author = {Obrzud, Rafał F. and Vulliet, Laurent and Truty, Andrzej},
    number = {1},
    month = {1},
    pages = {71--94},
    volume = {33},
    url = {http://doi.wiley.com/10.1002/nag.707},
    isbn = {2452006122},
    doi = {10.1002/nag.707},
    issn = {03639061},
    arxivId = {10.1002/nag.2347},
    keywords = {element method, excavation, finite, genetic algorithms, inverse analysis, objective function, parameter identification, pressuremeter test}
}

@article{Wang2014,
    title = {{Parallel Simulation of Coupled Flow and Geomechanics in Porous Media}},
    year = {2014},
    author = {Wang, Bin},
    pages = {2016},
    url = {http://hdl.handle.net/2152/28061}
}

@book{Tran2002,
    title = {{Processing of coupling between geomechanics deformation and reservoir flow in porous media}},
    year = {2002},
    author = {Tran, David Viet Dang},
    number = {June},
    doi = {http://hdl.handle.net/1880/39460}
}

@book{Johnson2014,
    title = {{Professional Visual Studio 2013}},
    year = {2014},
    author = {Johnson, Bruce},
    keywords = {icle}
}

@article{Kim2010,
    title = {{Sequential methods for coupled geomechanics and multiphase flow}},
    year = {2010},
    author = {Kim, Jihoon},
    number = {February},
    pages = {265},
    url = {http://ezproxy.lib.utexas.edu/login?url=http://search.proquest.com/docview/193701835?accountid=7118}
}

@article{Falcao2013,
    title = {{Simula{\c{c}}{\~{a}}o Hidromec{\^{a}}nica de Reservat{\'{o}}rio Carbon{\'{a}}tico de Petr{\'{o}}leo atrav{\'{e}}s de Pseudoacoplamento}},
    year = {2013},
    author = {Falc{\~{a}}o, Flávia de Oliveira Lima}
}

@article{Zhao2014,
    title = {{Simulating the Stress-Strain Relationship of Geomaterials by Support Vector Machine}},
    year = {2014},
    journal = {Mathematical Problems in Engineering},
    author = {Zhao, Hongbo and Huang, Zenghui and Zou, Zhengsheng},
    pages = {1--7},
    volume = {2014},
    url = {http://www.hindawi.com/journals/mpe/2014/482672/},
    doi = {10.1155/2014/482672},
    issn = {1024-123X}
}

@book{Levonyan2011,
    title = {{Simulation Of Coupled Single-Phase Flow And Geomechanics In Fractured Porous Media}},
    year = {2011},
    author = {Levonyan, Karine},
    number = {August},
    url = {https://pangea.stanford.edu/ERE/pdf/pereports/MS/Levonyan2011.pdf}
}

@article{Papon2012,
    title = {{Single-and multi-objective genetic algorithm optimization for identifying soil parameters}},
    year = {2012},
    journal = {International Journal for Numerical and Analytical Methods in Geomechanics},
    author = {Papon, A. and Riou, Y. and Dano, C. and Hicher, P.-Y.},
    number = {5},
    month = {4},
    pages = {597--618},
    volume = {36},
    url = {http://doi.wiley.com/10.1002/nag.1019},
    isbn = {2452006122},
    doi = {10.1002/nag.1019},
    issn = {03639061},
    arxivId = {10.1002/nag.2347},
    keywords = {element method, excavation, finite, genetic algorithms, inverse analysis, objective function, parameter identification, pressuremeter test}
}

@article{Cabalar2012,
    title = {{Some applications of Adaptive Neuro-Fuzzy Inference System (ANFIS) in geotechnical engineering}},
    year = {2012},
    journal = {Computers and Geotechnics},
    author = {Cabalar, Ali Firat and Cevik, Abdulkadir and Gokceoglu, Candan},
    month = {3},
    pages = {14--33},
    volume = {40},
    publisher = {Elsevier Ltd},
    url = {http://dx.doi.org/10.1016/j.compgeo.2011.09.008 http://linkinghub.elsevier.com/retrieve/pii/S0266352X11001637},
    isbn = {0266-352X},
    doi = {10.1016/j.compgeo.2011.09.008},
    issn = {0266352X},
    keywords = {Adaptive Neuro-Fuzzy Inference System, Damping ratio, Deviatoric stress, Geotechnical engineering, Liquefaction, Pore pressure, Shear modulus}
}

@article{Kim2011,
    title = {{Stability and convergence of sequential methods for coupled flow and geomechanics: Drained and undrained splits}},
    year = {2011},
    journal = {Computer Methods in Applied Mechanics and Engineering},
    author = {Kim, J. and Tchelepi, H.A. and Juanes, R.},
    number = {23-24},
    month = {6},
    pages = {2094--2116},
    volume = {200},
    publisher = {Elsevier B.V.},
    url = {http://dx.doi.org/10.1016/j.cma.2011.02.011 http://linkinghub.elsevier.com/retrieve/pii/S0045782511000466},
    isbn = {0045-7825},
    doi = {10.1016/j.cma.2011.02.011},
    issn = {00457825},
    keywords = {Convergence analysis, Drained split, Geomechanics, Poromechanics, Stability analysis, Undrained split}
}

@article{Wan2002,
    title = {{Stabilized Finite Element Methods for Coupled Geomechanics and Multiphase Flow}},
    year = {2002},
    author = {Wan, Jin},
    number = {November}
}

@article{Hashash2008,
    title = {{The integration of numerical modeling and physical measurements through inverse analysis in geotechnical engineering}},
    year = {2008},
    journal = {KSCE Journal of Civil Engineering},
    author = {Hashash, Y. M. A. and Song, H.},
    number = {3},
    month = {5},
    pages = {165--176},
    volume = {12},
    url = {http://link.springer.com/10.1007/s12205-008-0165-2},
    isbn = {1220500801},
    doi = {10.1007/s12205-008-0165-2},
    issn = {1226-7988},
    keywords = {inverse analysis, neural networks, soil constitutive models}
}

@book{Mathworks20183-DVisualization,
    title = {{3-D Visualization}},
    year = {2018},
    author = {{Mathworks}}
}

@article{Peteiro-Barral2013ANetworks,
    title = {{A comparative study of the scalability of a sensitivity-based learning algorithm for artificial neural networks}},
    year = {2013},
    journal = {Expert Systems with Applications},
    author = {Peteiro-Barral, Diego and Guijarro-Berdi{\~{n}}as, Bertha and P{\'{e}}rez-S{\'{a}}nchez, Beatriz and Fontenla-Romero, Oscar},
    number = {10},
    month = {8},
    pages = {3900--3905},
    volume = {40},
    url = {http://dx.doi.org/10.1016/j.eswa.2012.12.076 http://linkinghub.elsevier.com/retrieve/pii/S0957417412013176},
    doi = {10.1016/j.eswa.2012.12.076},
    issn = {09574174},
    keywords = {Algorithms, Classifier design and evaluation, Machine learning, Neural nets}
}

@article{Kippe2008AFlow,
    title = {{A comparison of multiscale methods for elliptic problems in porous media flow}},
    year = {2008},
    journal = {Computational geosciences},
    author = {Kippe, V. and Aarnes, J. E. and Lie, K.-a.},
    number = {3},
    pages = {377--398},
    volume = {12},
    doi = {10.1007/s10596-007-9074-6},
    issn = {1420-0597},
    keywords = {multiscale methods, porous media flow, upscaling}
}

@phdthesis{Liu2009ASilts,
    title = {{A coupled hydraulic-mechanical elastoplastic constitutive model for unsaturated sands and silts}},
    year = {2009},
    author = {Liu, Chunyang}
}

@book{Fish2007AElements,
    title = {{A First Course in Finite Elements}},
    year = {2007},
    author = {Fish, Jacob}
}

@book{RalfHerbrich2017ALearning,
    title = {{A First Course in Machine Learning}},
    year = {2017},
    author = {{Ralf Herbrich}}
}

@book{Logan2012AMethod,
    title = {{A First Course in the Finite Element Method}},
    year = {2012},
    author = {Logan, Daryl L.},
    keywords = {icle}
}

@article{Ferronato2010AConsolidation,
    title = {{A fully coupled 3-D mixed finite element model of Biot consolidation}},
    year = {2010},
    journal = {Journal of Computational Physics},
    author = {Ferronato, Massimiliano and Castelletto, Nicola and Gambolati, Giuseppe},
    number = {12},
    month = {6},
    pages = {4813--4830},
    volume = {229},
    publisher = {Elsevier Inc.},
    url = {http://dx.doi.org/10.1016/j.jcp.2010.03.018 http://linkinghub.elsevier.com/retrieve/pii/S0021999110001282},
    doi = {10.1016/j.jcp.2010.03.018},
    issn = {00219991},
    keywords = {Biot consolidation, Coupled solution, Mixed finite elements}
}

@article{Kapanova2018AOptimization,
    title = {{A genetic approach to automatic neural network architecture optimization}},
    year = {2018},
    journal = {Neural Computing and Applications},
    author = {Kapanova, K. G. and Dimov, I. and Sellier, J. M.},
    number = {5},
    month = {3},
    pages = {1481--1492},
    volume = {29},
    publisher = {Springer London},
    url = {http://link.springer.com/10.1007/s00521-016-2510-6},
    doi = {10.1007/s00521-016-2510-6},
    issn = {0941-0643},
    keywords = {Architecture evolution, Function approximation, Genetic algorithms, Neural network architecture, Neural networks}
}

@book{Institute.2017AGuide,
    title = {{A guide to the project management body of knowledge (PMBOK guide)}},
    year = {2017},
    author = {Institute., Project Management},
    isbn = {9781628253900},
    doi = {10.1002/pmj.21345},
    issn = {87569728}
}

@article{Desai1986AMaterials,
    title = {{A hierarchical approach for constitutive modelling of geologic materials}},
    year = {1986},
    journal = {International Journal for Numerical and Analytical Methods in Geomechanics},
    author = {Desai, C. S. and Somasundaram, S. and Frantziskonis, G.},
    number = {3},
    pages = {225--257},
    volume = {10},
    doi = {10.1002/nag.1610100302},
    issn = {10969853}
}

@article{Aarnes2006AGrids,
    title = {{A hierarchical multiscale method for two-phase flow based upon mixed finite elements and nonuniform coarse grids}},
    year = {2006},
    journal = {Multiscale Modeling {\&} Simulation},
    author = {Aarnes, Jorg E and Krogstad, Stein and Lie, Knut-Andreas},
    number = {158908},
    pages = {1--26},
    url = {http://epubs.siam.org/doi/pdf/10.1137/050634566},
    doi = {10.1137/050634566},
    issn = {15403459},
    keywords = {1, flow in porous rock, for, formations occurs on a, from the micrometre scale, introduction, lation, length scales, multiscale finite element methods, non-uniform grids, of short and narrow, pore channels to, porous media, reservoar simu-, two-phase flow, wide span of}
}

@article{Presho2016AMedia,
    title = {{A mass conservative Generalized Multiscale Finite Element Method applied to two-phase flow in heterogeneous porous media}},
    year = {2016},
    journal = {Journal of Computational and Applied Mathematics},
    author = {Presho, Michael and Galvis, Juan},
    pages = {376--388},
    volume = {296},
    publisher = {Elsevier B.V.},
    url = {http://dx.doi.org/10.1016/j.cam.2015.10.003},
    doi = {10.1016/j.cam.2015.10.003},
    issn = {03770427},
    arxivId = {arXiv:1504.02033v1},
    keywords = {Generalized Multiscale Finite Element Method, High-contrast permeability, Lagrange multipliers, Two-phase flow}
}

@article{Fu2010AMedia,
    title = {{A multiscale adjoint method to compute sensitivity coefficients for flow in heterogeneous porous media}},
    year = {2010},
    journal = {Advances in Water Resources},
    author = {Fu, Jianlin and Tchelepi, Hamdi A. and Caers, Jef},
    number = {6},
    pages = {698--709},
    volume = {33},
    isbn = {0309-1708},
    doi = {10.1016/j.advwatres.2010.04.005},
    issn = {03091708},
    keywords = {Gradient, High-resolution history matching, Model calibration, Multiscale adjoint model, Multiscale finite-volume method}
}

@article{Fu2011AFlow,
    title = {{A multiscale method for subsurface inverse modeling: Single-phase transient flow}},
    year = {2011},
    journal = {Advances in Water Resources},
    author = {Fu, Jianlin and Caers, Jef and Tchelepi, Hamdi A.},
    number = {8},
    pages = {967--979},
    volume = {34},
    publisher = {Elsevier Ltd},
    url = {http://dx.doi.org/10.1016/j.advwatres.2011.05.001},
    isbn = {0309-1708},
    doi = {10.1016/j.advwatres.2011.05.001},
    issn = {03091708},
    keywords = {Dimension reduction, Inverse conditional modeling, Large-scale flow problem, Multiscale history matching, Spatial structure preservation}
}

@article{Krogstad2009AFlow,
    title = {{A Multiscale Mixed Finite Element Solver for Three-Phase Black-Oil Flow}},
    year = {2009},
    journal = {Proceedings of SPE Reservoir Simulation Symposium},
    author = {Krogstad, Stein and Lie, Knut-Andreas and Nilsen, Halvor and Natvig, Jostein and Skaflestad, B and Aarnes, J.},
    number = {February},
    pages = {2--4},
    url = {https://www.onepetro.org/conference-paper/SPE-118993-MS},
    isbn = {9781555632090},
    doi = {10.2118/118993-MS}
}

@article{Myner2016AGrids,
    title = {{A multiscale restriction-smoothed basis method for high contrast porous media represented on unstructured grids}},
    year = {2016},
    journal = {Journal of Computational Physics},
    author = {M{\o}yner, Olav and Lie, Knut Andreas},
    pages = {46--71},
    volume = {304},
    publisher = {Elsevier Inc.},
    url = {http://dx.doi.org/10.1016/j.jcp.2015.10.010},
    doi = {10.1016/j.jcp.2015.10.010},
    issn = {10902716},
    keywords = {Conservative, Faults, Multiphase, Multiscale, Porous media, Reservoir}
}

@article{Hoff2012AToolbox,
    title = {{A Parallel Multiscale Mixed Finite-Element Method for the Matlab Reservoir Simulation Toolbox}},
    year = {2012},
    author = {Hoff, Anders},
    number = {June},
    pages = {88},
    url = {http://hdl.handle.net/11250/259097}
}

@book{Berger2014AScientists,
    title = {{A Scientific Engineers Writing for Approach to and Scientists}},
    year = {2014},
    author = {Berger, Robert E.},
    isbn = {9781118832523}
}

@article{Alpak2012AModeling,
    title = {{A supercoarsening multigrid method for poroelasticity in 3D coupled flow and geomechanics modeling}},
    year = {2012},
    journal = {Computational Geosciences},
    author = {Alpak, Faruk O. and Wheeler, Mary F.},
    number = {4},
    month = {9},
    pages = {953--974},
    volume = {16},
    url = {http://link.springer.com/10.1007/s10596-012-9297-z},
    isbn = {1420-0597},
    doi = {10.1007/s10596-012-9297-z},
    issn = {1420-0597},
    keywords = {Coupled flow and geomechanics, Iterative solvers, Multigrid method, Multiphysics coupling, Poroelasticity, Reservoir simulation, Supercoarsening}
}

@incollection{Perez-Sanchez2009ARegularization,
    title = {{A Supervised Learning Method for Neural Networks Based on Sensitivity Analysis with Automatic Regularization}},
    year = {2009},
    booktitle = {Lecture Notes in Computer Science (including subseries Lecture Notes in Artificial Intelligence and Lecture Notes in Bioinformatics)},
    author = {P{\'{e}}rez-S{\'{a}}nchez, Beatriz and Fontenla-Romero, Oscar and Guijarro-Berdi{\~{n}}as, Bertha},
    number = {PART 1},
    pages = {157--164},
    volume = {5517 LNCS},
    url = {http://link.springer.com/10.1007/978-3-642-02478-8_20},
    isbn = {3642024777 | 9783642024771},
    doi = {10.1007/978-3-642-02478-8{\_}20},
    issn = {03029743 16113349}
}

@book{Jansen2013AMedia,
    title = {{A Systems Description of Flow Through Porous Media}},
    year = {2013},
    author = {Jansen, Jan Dirk.},
    series = {SpringerBriefs in Earth Sciences},
    publisher = {Springer International Publishing},
    url = {http://dx.doi.org/10.1007/978-3-319-00260-6 http://link.springer.com/10.1007/978-3-319-00260-6},
    address = {Heidelberg},
    isbn = {978-3-319-00259-0},
    doi = {10.1007/978-3-319-00260-6},
    keywords = {Appl.Mathematics/Computational Methods of Engineer, Earth Sciences., Electric engineering., Energy Technology., Engineering Fluid Dynamics., Engineering mathematics., Geography., Geotechnical Engineering {\&} Applied Earth Sciences., Hydraulic engineering.}
}

@article{Katona1985AScheme,
    title = {{A unified set of single step algorithms part 3: The beta-m method, a generalization of the Newmark scheme}},
    year = {1985},
    journal = {International Journal for Numerical Methods in Engineering},
    author = {Katona, Michael C. and Zienkiewicz, O. C.},
    number = {7},
    month = {7},
    pages = {1345--1359},
    volume = {21},
    url = {http://doi.wiley.com/10.1002/nme.1620210713},
    doi = {10.1002/nme.1620210713},
    issn = {0029-5981}
}

@article{Papazafeiropoulos2017Abaqus2Matlab:Post-processing,
    title = {{Abaqus2Matlab: A suitable tool for finite element post-processing}},
    year = {2017},
    journal = {Advances in Engineering Software},
    author = {Papazafeiropoulos, George and Mu{\~{n}}iz-Calvente, Miguel and Mart{\'{i}}nez-Pa{\~{n}}eda, Emilio},
    month = {3},
    pages = {9--16},
    volume = {105},
    publisher = {Elsevier Ltd},
    url = {http://linkinghub.elsevier.com/retrieve/pii/S0965997816306512},
    doi = {10.1016/j.advengsoft.2017.01.006},
    issn = {09659978},
    keywords = {Abaqus2Matlab, Finite Element Method, Inverse analysis, Post-processing, Weibull stress model}
}

@book{Altman2015AcceleratingPerformance,
    title = {{Accelerating MATLAB Performance}},
    year = {2015},
    author = {Altman, Yair},
    isbn = {978-1-4822-1130-6}
}

@article{Tene2015AdaptiveMedia,
    title = {{Adaptive algebraic multiscale solver for compressible flow in heterogeneous porous media}},
    year = {2015},
    journal = {Journal of Computational Physics},
    author = {Ţene, Matei and Wang, Yixuan and Hajibeygi, Hadi},
    pages = {679--694},
    volume = {300},
    isbn = {9781634391689},
    doi = {10.1016/j.jcp.2015.08.009},
    issn = {10902716},
    keywords = {Algebraic multiscale methods, Compressible flows, Heterogeneous porous media, Iterative multiscale methods, Multiscale finite element method, Multiscale finite volume method, Multiscale methods, Scalable linear solvers}
}

@article{Lee2009AdaptiveFormations,
    title = {{Adaptive multiscale finite-volume method for nonlinear multiphase transport in heterogeneous formations}},
    year = {2009},
    journal = {Journal of Computational Physics},
    author = {Lee, S. H. and Zhou, H. and Tchelepi, H. A.},
    number = {24},
    pages = {9036--9058},
    volume = {228},
    publisher = {Elsevier Inc.},
    url = {http://dx.doi.org/10.1016/j.jcp.2009.09.009},
    doi = {10.1016/j.jcp.2009.09.009},
    issn = {00219991},
    keywords = {Adaptivity, Multigrid, Multiphase flow, Multiscale finite-volume, Nonlinear transport, Porous media, Reservoir simulation}
}

@article{Krogstad2011AdjointElements,
    title = {{Adjoint Multiscale Mixed Finite Elements}},
    year = {2011},
    journal = {SPE Journal},
    author = {Krogstad, Stein and Hauge, Vera L. and Gulbransen, Astrid},
    number = {01},
    pages = {162--171},
    volume = {16},
    url = {http://www.onepetro.org/doi/10.2118/119112-PA},
    isbn = {9781555632090},
    doi = {10.2118/119112-PA},
    issn = {1086-055X}
}

@phdthesis{Moog2013AdvancedGrids,
    title = {{Advanced Discretization Methods for Flow Simulation Using Unstructured Grids}},
    year = {2013},
    author = {Moog, Guillaume Joseph Edouard Antoine}
}

@book{M.R.Islam2016AdvancedSimulation,
    title = {{Advanced Pettroleum Reservoir Simulation}},
    year = {2016},
    author = {{M.R.Islam} and Hossain, M.E. and {Shabbir Mustafiz}},
    pages = {580},
    isbn = {9781119038511}
}

@book{Das2014AdvancedMechanics,
    title = {{Advanced Soil Mechanics}},
    year = {2014},
    author = {Das, Braja}
}

@book{Ng2007AdvancedEngineering,
    title = {{Advanced Unsaturated Soil Mechanics and Engineering}},
    year = {2007},
    author = {Ng, Charles W.W. and Menzies, Bruce}
}

@book{Caicedo2013AdvancesSoils,
    title = {{Advances in Unsaturated Soils}},
    year = {2013},
    author = {Caicedo, Bernardo and Murillo, Carol and Hoyos, Laureano and Colmenares, Julio Esteban and Berdugo, Iván Rafael},
    pages = {610},
    isbn = {9780415620956}
}

@article{Wang2012AlgebraicOf,
    title = {{Algebraic Multiscale Linear Solver for Heterogeneous Elliptic Problems a Report Submitted To the Department of Energy Resources Engineering of Stanford University in Partial Fulfillment of the Requirements for the Degree of}},
    year = {2012},
    author = {Wang, Yixuan},
    number = {June}
}

@article{Wang2014AlgebraicMedia,
    title = {{Algebraic multiscale solver for flow in heterogeneous porous media}},
    year = {2014},
    journal = {Journal of Computational Physics},
    author = {Wang, Yixuan and Hajibeygi, Hadi and Tchelepi, Hamdi A.},
    pages = {284--303},
    volume = {259},
    publisher = {Elsevier Inc.},
    url = {http://dx.doi.org/10.1016/j.jcp.2013.11.024},
    isbn = {9781634391689},
    doi = {10.1016/j.jcp.2013.11.024},
    issn = {00219991},
    keywords = {Algebraic multiscale solver, Iterative multiscale methods, Multiscale methods, Scalable linear solvers}
}

@incollection{Uriarte2015AnArchitectures,
    title = {{An Improved Particle Swarm Optimization Algorithm to Optimize Modular Neural Network Architectures}},
    year = {2015},
    author = {Uriarte, Alfonso and Melin, Patricia and Valdez, Fevrier},
    pages = {155--162},
    url = {http://link.springer.com/10.1007/978-3-319-17747-2_12},
    isbn = {9783319177472},
    doi = {10.1007/978-3-319-17747-2{\_}12}
}

@article{Beatriz2010AnAnalysis,
    title = {{An Incremental Learning Method for Neural Networks Based on Sensitivity Analysis}},
    year = {2010},
    journal = {Neural Networks},
    author = {Beatriz, P},
    pages = {42--50}
}

@book{Versteeg2007AnDynamics,
    title = {{An Introduction to Computational Fluid Dynamics}},
    year = {2007},
    author = {Versteeg, H K and Malaskekera, W}
}

@book{Reddy2013AnMechanics,
    title = {{An Introduction to Continuum Mechanics}},
    year = {2013},
    author = {Reddy, J. N.},
    isbn = {9781107025431}
}

@book{Reddy2004AnAnalysis,
    title = {{An introduction to nonlinear finite element analysis}},
    year = {2004},
    author = {Reddy, J N}
}

@article{Lie2015AnMATLAB,
    title = {{An Introduction to Reservoir Simulation Using MATLAB}},
    year = {2015},
    author = {Lie, Knut-Andreas},
    pages = {303}
}

@article{Lie2016AnMRST,
    title = {{An introduction to reservoir simulation using MATLAB - user guide for the Matlab Reservoir Simulation Toolbox (MRST)}},
    year = {2016},
    author = {Lie, Knut-Andreas.}
}

@book{James2013AnLearning,
    title = {{An Introduction to Statistical Learning}},
    year = {2013},
    author = {James, Gareth and Witten, Daniela and Hastie, Trevor and Tibshirani, Robert},
    number = {9-12},
    pages = {856--875},
    series = {Springer Texts in Statistics},
    volume = {103},
    publisher = {Springer New York},
    url = {http://link.springer.com/10.1007/978-1-4614-7138-7},
    address = {New York, NY},
    isbn = {978-1-4614-7137-0},
    doi = {10.1007/978-1-4614-7138-7},
    issn = {01665316},
    pmid = {10911016},
    arxivId = {arXiv:1011.1669v3},
    keywords = {BitTorrent, P2P file sharing, Performance modeling}
}

@article{Ludermir2006AnArchitectures,
    title = {{An Optimization Methodology for Neural Network Weights and Architectures}},
    year = {2006},
    journal = {IEEE Transactions on Neural Networks},
    author = {Ludermir, T.B. and Yamazaki, Akio and Zanchettin, Cleber},
    number = {6},
    month = {11},
    pages = {1452--1459},
    volume = {17},
    url = {http://ieeexplore.ieee.org/document/4012033/},
    doi = {10.1109/TNN.2006.881047},
    issn = {1045-9227}
}

@article{Javadi2012AnalysisMethod,
    title = {{Analysis of behaviour of soils under cyclic loading using EPR-based finite element method}},
    year = {2012},
    journal = {Finite Elements in Analysis and Design},
    author = {Javadi, Akbar A. and Faramarzi, Asaad and Ahangar-Asr, Alireza},
    month = {10},
    pages = {53--65},
    volume = {58},
    publisher = {Elsevier},
    url = {http://dx.doi.org/10.1016/j.finel.2012.04.005 http://linkinghub.elsevier.com/retrieve/pii/S0168874X12000777},
    isbn = {0168-874X},
    doi = {10.1016/j.finel.2012.04.005},
    issn = {0168874X},
    keywords = {Cyclic loading, EPR, Evolutionary computation, Finite element, Material modelling}
}

@book{Chau2012AnalyticGeomechanics,
    title = {{Analytic methods in geomechanics}},
    year = {2012},
    author = {Chau, Kam-tim},
    isbn = {3527402160}
}

@book{Mathworks2018AppBuilding,
    title = {{App Building}},
    year = {2018},
    author = {{Mathworks}}
}

@phdthesis{Ahangarasr2012ApplicationGeomaterials,
    title = {{Application of an Evolutionary Data Mining Technique for Constitutive Modelling of Geomaterials}},
    year = {2012},
    author = {Ahangarasr, Alireza},
    number = {December}
}

@book{BeysolowII2018AppliedPython,
    title = {{Applied Natural Language Processing with Python}},
    year = {2018},
    author = {Beysolow II, Taweh},
    isbn = {9781484237328},
    doi = {10.1007/978-1-4842-3733-5}
}

@book{Terry2014AppliedEngineering,
    title = {{Applied petroleum reservoir engineering}},
    year = {2014},
    author = {Terry, Ronald E. and Rogers, J. Brandon},
    isbn = {9780470065716}
}

@book{Helwany2007AppliedApplications.,
    title = {{Applied Soil Mechanics: with ABAQUS Applications.}},
    year = {2007},
    author = {Helwany, Sam},
    pages = {398},
    isbn = {9780471791072},
    doi = {10.1002/9780470168097},
    issn = {1098-6596},
    pmid = {25246403},
    arxivId = {arXiv:1011.1669v3}
}

@book{Bengfort2018AppliedPython,
    title = {{Applied Text Analysis with Python}},
    year = {2018},
    author = {Bengfort, Benjamin and Bilbro, Rebecca and Ojeda, Tony},
    isbn = {9781491963043},
    doi = {10.1161/01.STR.32.1.139},
    issn = {0039-2499},
    pmid = {246}
}

@book{Mueller2017ArtificialDummies,
    title = {{Artificial Intelligence For Dummies}},
    year = {2017},
    author = {Mueller, Paul and Massaron, Luca}
}

@article{Ramezani2015ArtificialRiver,
    title = {{Artificial neural network weights optimization based on social-based algorithm to realize sediment over the river}},
    year = {2015},
    journal = {Soft Computing},
    author = {Ramezani, Fatemeh and Nikoo, Mehdi and Nikoo, Mohammad},
    number = {2},
    month = {2},
    pages = {375--387},
    volume = {19},
    url = {http://link.springer.com/10.1007/s00500-014-1258-0},
    isbn = {1432-7643{\textbackslash}r1433-7479},
    doi = {10.1007/s00500-014-1258-0},
    issn = {1432-7643},
    keywords = {Feed-forward back-propagation algorithm, Length of river, Maroon river, Sediment, Social-based algorithm (SBA)}
}

@book{Logg2012AutomatedMethod,
    title = {{Automated Solution of Differential Equations by the Finite Element Method}},
    year = {2012},
    author = {Logg, Anders and Mardal, Kent-Andre and Wells, Garth},
    editor = {Logg, Anders and Mardal, Kent-Andre and Wells, Garth},
    series = {Lecture Notes in Computational Science and Engineering},
    volume = {84},
    publisher = {Springer Berlin Heidelberg},
    url = {http://link.springer.com/10.1007/978-3-642-23099-8},
    address = {Berlin, Heidelberg},
    isbn = {978-3-642-23098-1},
    doi = {10.1007/978-3-642-23099-8}
}

@book{R2009BasicSolids,
    title = {{Basic Control Volume Finite Element Methods for Fluids and Solids}},
    year = {2009},
    author = {R, Voller; Vaughan},
    pages = {185},
    isbn = {9789812834980},
    doi = {10.1142/7027}
}

@book{Rees2006BasicPlascity,
    title = {{Basic Engineering Plascity}},
    year = {2006},
    author = {Rees, D.W.A},
    isbn = {9780750680257},
    keywords = {rees2006}
}

@book{Raj2018BuildingPython,
    title = {{Building Chatbots with Python}},
    year = {2018},
    author = {Raj, Sumit},
    isbn = {9781484240953},
    doi = {10.1007/978-1-4842-4096-0}
}

@book{Deitel2016CC++,
    title = {{C How to program with an introduction to C++}},
    year = {2016},
    author = {Deitel, Paul and Deitel, Harvey},
    isbn = {9780133976892}
}

@book{Gregory2012C++C++,
    title = {{C++ AMP: Accelerated Massive Parallelism with Microsoft {\textregistered} Visual C++}},
    year = {2012},
    author = {Gregory, Kate and Miller, Ade},
    isbn = {9780735664739}
}

@book{Deitel2008C++Programar,
    title = {{C++ Como programar}},
    year = {2008},
    author = {Deitel, Paul and Deitel, Harvey},
    isbn = {9789702612735}
}

@book{Bronson2013C++Scientists,
    title = {{C++ for Engineers and Scientists}},
    year = {2013},
    author = {Bronson, Gary J},
    isbn = {9781133187844}
}

@book{Deitel2009C++Programmers,
    title = {{C++ for Programmers}},
    year = {2009},
    author = {Deitel, Paul J.},
    isbn = {9780137001309}
}

@book{Deitel2012C++Program,
    title = {{C++ How to Program}},
    year = {2012},
    author = {Deitel, Paul and Deitel, Harvey},
    url = {http://www.deitel.com/Books/C/CHowtoProgram7e/tabid/3635/Default.aspx},
    isbn = {9780133378719},
    keywords = {icle}
}

@book{Mathworks2018C/C++Reference,
    title = {{C/C++ , Fortran , Java , and Python API Reference}},
    year = {2018},
    author = {{Mathworks}}
}

@article{Jung2006CharacterizingSimulation,
    title = {{Characterizing rate-dependent material behaviors in self-learning simulation}},
    year = {2006},
    journal = {Computer Methods in Applied Mechanics and Engineering},
    author = {Jung, Sungmoon and Ghaboussi, Jamshid},
    number = {1-3},
    month = {12},
    pages = {608--619},
    volume = {196},
    url = {http://linkinghub.elsevier.com/retrieve/pii/S0045782506001940},
    doi = {10.1016/j.cma.2006.06.006},
    issn = {00457825},
    keywords = {Constitutive modeling, Creep, Neural networks, Rate-dependence, Structural tests}
}

@book{Dalianis2018ClinicalMining,
    title = {{Clinical Text Mining}},
    year = {2018},
    booktitle = {Clinical Text Mining},
    author = {Dalianis, Hercules},
    publisher = {Springer International Publishing},
    url = {http://link.springer.com/10.1007/978-3-319-78503-5},
    address = {Cham},
    isbn = {978-3-319-78502-8},
    doi = {10.1007/978-3-319-78503-5}
}

@inproceedings{Gudise2014ComparisonNetworks,
    title = {{Comparison of particle swarm optimization and backpropagation as training algorithms for neural networks}},
    year = {2014},
    booktitle = {Proceedings of the 2003 IEEE Swarm Intelligence Symposium. SIS'03 (Cat. No.03EX706)},
    author = {Gudise, V.G. and Venayagamoorthy, G.K.},
    pages = {110--117},
    volume = {12},
    publisher = {IEEE},
    url = {http://ieeexplore.ieee.org/document/1202255/},
    isbn = {0-7803-7914-4},
    doi = {10.1109/SIS.2003.1202255},
    keywords = {artificial neural network, backpropagation, particle swarm optimization}
}

@article{Hamm2007ComparisonWeights,
    title = {{Comparison of Stochastic Global Optimization Methods to Estimate Neural Network Weights}},
    year = {2007},
    journal = {Neural Processing Letters},
    author = {Hamm, Lonnie and Brorsen, B. Wade and Hagan, Martin T.},
    number = {3},
    month = {10},
    pages = {145--158},
    volume = {26},
    url = {http://link.springer.com/10.1007/s11063-007-9048-7},
    isbn = {1106300790487},
    doi = {10.1007/s11063-007-9048-7},
    issn = {1370-4621},
    keywords = {Evolutionary algorithms, Function approximation, Neural networks, Simulated annealing, Stochastic global optimization}
}

@book{Shabana2018ComputationalMechanics,
    title = {{Computational continuum mechanics}},
    year = {2018},
    author = {Shabana, Ahmed A.}
}

@book{Zienkiewicz1999ComputationalGeomechanics,
    title = {{Computational geomechanics}},
    year = {1999},
    author = {Zienkiewicz, Olgierd C and Chan, A H C and Pastor, M and Schrefler, B A and Shiomi, T},
    publisher = {Wiley Chichester},
    isbn = {0471982857}
}

@book{Zienkiewicz2001ComputationalEngineering,
    title = {{Computational Geomechanics with Special Reference to Earthquake Engineering}},
    year = {2001},
    author = {Zienkiewicz, O. C. and Chan, a. H. C. and Pastor, M. and Schrefler, B. a. and Shiomi, T.},
    number = {1},
    pages = {107--107},
    volume = {25},
    url = {http://doi.wiley.com/10.1002/1096-9853(200101)25:1<107::AID-NAG112>3.0.CO;2-X},
    isbn = {0471982857},
    doi = {10.1002/1096-9853(200101)25:1<107::AID-NAG112>3.0.CO;2-X},
    issn = {0363-9061}
}

@book{Tenne2010ComputationalOptimization,
    title = {{Computational Intelligence in Optimization}},
    year = {2010},
    author = {Tenne, Yoel and Goh, Chi-Keong},
    editor = {Tenne, Yoel and Goh, Chi-Keong},
    series = {Adaptation, Learning, and Optimization},
    volume = {7},
    publisher = {Springer Berlin Heidelberg},
    url = {http://link.springer.com/10.1007/978-3-642-12775-5},
    address = {Berlin, Heidelberg},
    isbn = {978-3-642-12774-8},
    doi = {10.1007/978-3-642-12775-5},
    issn = {0160-5682}
}

@book{Riviere2007ComputationalMedia,
    title = {{Computational Methods for Multiphase Flows in Porous Media}},
    year = {2007},
    author = {Riviere, Beatrice and Chen, Z and Huan, G and Ma, Y},
    publisher = {JSTOR},
    isbn = {0025-5718}
}

@book{SouzaNeto2008ComputationalPlasticity,
    title = {{Computational Methods for Plasticity}},
    year = {2008},
    author = {Souza Neto, EA de and Peric, D and Owen, D. R J}
}

@book{Anandarajah2010ComputationalPlasticity,
    title = {{Computational Methods in Elasticity and Plasticity}},
    year = {2010},
    author = {Anandarajah, A.},
    publisher = {Springer New York},
    url = {http://ebooks.cambridge.org/ref/id/CBO9781107415324A009%5Cnhttp://arxiv.org/abs/1011.1669%5Cnhttp://dx.doi.org/10.1088/1751-8113/44/8/085201%5Cnhttp://stacks.iop.org/1751-8121/44/i=8/a=085201?key=crossref.abc74c979a75846b3de48a5587bf708f%5Cnhttp://link.sp},
    address = {New York, NY},
    isbn = {978-1-4419-6378-9},
    doi = {10.1007/978-1-4419-6379-6},
    issn = {1751-8113},
    pmid = {25246403},
    arxivId = {1011.1669},
    keywords = {icle}
}

@book{Oka2012ComputationalGeomaterials,
    title = {{Computational Modeling of Multiphase Geomaterials}},
    year = {2012},
    author = {Oka, F and Kimoto, S},
    url = {http://srmo.sagepub.com/view/computational-modeling/SAGE.xml},
    isbn = {9780803972704},
    doi = {10.4135/9781412983716}
}

@book{Martinez2016ComputationalMATLAB,
    title = {{Computational Statistics Handbook with MATLAB}},
    year = {2016},
    author = {Martinez, Wendy and Martinez, Angel}
}

@book{Nakai2013ConstitutiveApplications,
    title = {{Constitutive Modeling of Geomaterials - Principles and Applications}},
    year = {2013},
    author = {Nakai, Teruo},
    pages = {374},
    isbn = {9780203868843},
    doi = {10.1061/(ASCE)0733-9399(2004)130:6(621)},
    issn = {0733-9399},
    pmid = {24439530},
    arxivId = {arXiv:1011.1669v3}
}

@book{Hicher2002ConstitutiveRocks,
    title = {{Constitutive Modeling of Soils and Rocks}},
    year = {2002},
    author = {Hicher, Pierre-Yves and Shao, Jian-Fu},
    isbn = {9781848210202}
}

@book{Puzrin2012ConstitutiveGeomechanics,
    title = {{Constitutive Modelling in Geomechanics}},
    year = {2012},
    author = {Puzrin, Alexander M.},
    volume = {1},
    publisher = {Springer Berlin Heidelberg},
    url = {http://link.springer.com/10.1007/978-3-642-27395-7},
    address = {Berlin, Heidelberg},
    isbn = {978-3-642-27394-0},
    doi = {10.1007/978-3-642-27395-7},
    issn = {1098-6596},
    pmid = {25246403},
    arxivId = {arXiv:1011.1669v3},
    keywords = {icle}
}

@book{Mase2009ContinuumEngineers,
    title = {{Continuum mechanics for engineers}},
    year = {2009},
    author = {Mase, George Thomas}
}

@article{Liu2012CoupledValidation,
    title = {{Coupled Hydro-Mechanical Elastoplastic Constitutive Model for Unsaturated Sands and Silts. II: Integration, Calibration, and Validation}},
    year = {2012},
    journal = {International Journal of Geomechanics},
    author = {Liu, Chunyang and Muraleetharan, Kanthasamy K},
    number = {3},
    month = {6},
    pages = {239--247},
    volume = {12},
    url = {http://ascelibrary.org/doi/10.1061/%28ASCE%29GM.1943-5622.0000147 http://ascelibrary.org/doi/10.1061/%28ASCE%29GM.1943-5622.0000146},
    isbn = {1532-3641},
    doi = {10.1061/(ASCE)GM.1943-5622.0000147},
    issn = {1532-3641}
}

@article{Sun2012CoupledSoils,
    title = {{Coupled modelling of hydro-mechanical behaviour of unsaturated compacted expansive soils}},
    year = {2012},
    journal = {International Journal for Numerical and Analytical Methods in Geomechanics},
    author = {Sun, Wenjing and Sun, De'an},
    number = {8},
    month = {6},
    pages = {1002--1022},
    volume = {36},
    url = {http://doi.wiley.com/10.1002/nag.1036},
    isbn = {2452006122},
    doi = {10.1002/nag.1036},
    issn = {03639061},
    pmid = {25246403},
    arxivId = {10.1002/nag.2347},
    keywords = {element method, excavation, finite, genetic algorithms, inverse analysis, objective function, parameter identification, pressuremeter test}
}

@book{McDowell2015CrackingInterview,
    title = {{Cracking the Coding Interview}},
    year = {2015},
    author = {McDowell, Gayle Laakmann},
    isbn = {9780984782857}
}

@book{Knappett2012CraigMechanics,
    title = {{Craig ’ s Soil Mechanics}},
    year = {2012},
    author = {Knappett, J a and Craig, R F},
    pages = {570},
    isbn = {9780415561259}
}

@book{Knappett2012CraigMechanicsb,
    title = {{Craig ’s Soil Mechanics}},
    year = {2012},
    author = {Knappett, J a and Craig, R F}
}

@book{Schofield1968CriticalMechanics,
    title = {{Critical State Soil Mechanics}},
    year = {1968},
    author = {Schofield, A.N. and Wroth, C.P.},
    pages = {228},
    isbn = {978-0641940484},
    doi = {10.1111/j.1475-2743.1987.tb00718.x},
    issn = {0006-3363},
    pmid = {177105}
}

@book{Farber2011CUDADevelopment,
    title = {{CUDA Application Design and Development}},
    year = {2011},
    author = {Farber, Rob},
    keywords = {icle}
}

@book{Sanders2011CUDAExample,
    title = {{CUDA by Example}},
    year = {2011},
    author = {Sanders, Jason and Kandrot, Edward},
    keywords = {icle}
}

@book{NVIDIA2015CudaGuide,
    title = {{Cuda C best practices guide}},
    year = {2015},
    author = {{NVIDIA}}
}

@book{Cheng2014CUDAProgramming,
    title = {{CUDA C Programming}},
    year = {2014},
    author = {Cheng, John},
    isbn = {9781118739327}
}

@book{NVIDIA2015CudaGuideb,
    title = {{Cuda C Programming Guide}},
    year = {2015},
    author = {{NVIDIA}}
}

@book{Storti2016CUDAEngineers,
    title = {{CUDA for Engineers}},
    year = {2016},
    author = {Storti, Duane and Yurtoglu, Mete}
}

@book{Cook2013CUDAProgramming,
    title = {{CUDA Programming}},
    year = {2013},
    author = {Cook, Shane},
    url = {http://www.sciencedirect.com/science/article/pii/B9780124159334000107}
}

@book{NVIDIA2015CudaApi,
    title = {{Cuda runtime api}},
    year = {2015},
    author = {{NVIDIA}}
}

@book{Mathworks2018DataAnalysis,
    title = {{Data Analysis}},
    year = {2018},
    author = {{Mathworks}}
}

@article{Chang2010DataFilter,
    title = {{Data Assimilation of Coupled Fluid Flow and Geomechanics Using the Ensemble Kalman Filter}},
    year = {2010},
    journal = {SPE Journal},
    author = {Chang, Haibin and Chen, Yan and Zhang, Dongxiao},
    number = {02},
    pages = {382--394},
    volume = {15},
    url = {http://www.onepetro.org/doi/10.2118/118963-PA},
    doi = {10.2118/118963-PA},
    issn = {1086-055X}
}

@book{Mathworks2018DataExport,
    title = {{Data Import and Export}},
    year = {2018},
    author = {{Mathworks}}
}

@article{Iglesias2012DataModels,
    title = {{Data inversion in coupled subsurface flow and geomechanics models}},
    year = {2012},
    journal = {Inverse Problems},
    author = {Iglesias, Marco A and McLaughlin, Dennis},
    number = {11},
    month = {11},
    pages = {115009},
    volume = {28},
    url = {http://stacks.iop.org/0266-5611/28/i=11/a=115009?key=crossref.f5b411f4c2d15f8f19b91de124575646},
    doi = {10.1088/0266-5611/28/11/115009},
    issn = {0266-5611}
}

@book{Araghinejad2014Data-DrivenEngineering,
    title = {{Data-Driven Modeling : Using MATLAB {\textregistered} in Water Resources and Environmental Engineering}},
    year = {2014},
    author = {Araghinejad, Shahab},
    isbn = {9789400775053}
}

@book{Raval2016DecentralizedApplications,
    title = {{Decentralized Applications}},
    year = {2016},
    author = {Raval, Siraj},
    keywords = {icle}
}

@article{Goodfellow2006DeepLearning,
    title = {{Deep Learning}},
    year = {2006},
    author = {Goodfellow, Ian and Bengio, Yoshua and Courville, Aarn},
    isbn = {9781491925614}
}

@book{Goodfellow2016DeepLearning,
    title = {{Deep Learning}},
    year = {2016},
    author = {Goodfellow, Ian and Bengio, Yoshua and Courville, Aaron},
    pages = {775},
    isbn = {978-0-262-03561-3},
    doi = {10.1016/B978-0-12-391420-0.09987-X},
    issn = {1432122X},
    pmid = {21728107},
    arxivId = {arXiv:1011.1669v3}
}

@book{Osinga2018DeepCookbook,
    title = {{Deep Learning Cookbook}},
    year = {2018},
    author = {Osinga, Douwe},
    isbn = {9781491995846}
}

@book{Di2018DeepEssentials,
    title = {{Deep Learning Essentials}},
    year = {2018},
    author = {Di, Wei and Bhardwaj, Anurag and Wei, Jianing},
    isbn = {9781785880360}
}

@book{Goyal2018DeepPython,
    title = {{Deep learning for natural language processing: Creating neural networks with Python}},
    year = {2018},
    author = {Goyal, Palash. and Pandey, Sumit. and Jain, Karan.},
    pages = {290},
    url = {https://proquest-safaribooksonline-com.cyber.usask.ca/9781484236857},
    isbn = {9781484236857}
}

@book{Gulli2017DeepKeras,
    title = {{Deep Learning with Keras}},
    year = {2017},
    author = {Gulli, Antonio and Pal, Sujit},
    isbn = {9781787128422}
}

@book{Chollet2017DeepPython,
    title = {{Deep Learning with Python}},
    year = {2017},
    author = {Chollet, F},
    number = {9},
    pages = {1689--1699},
    volume = {53},
    isbn = {9788578110796},
    doi = {10.1017/CBO9781107415324.004},
    issn = {1098-6596},
    pmid = {25246403},
    arxivId = {arXiv:1011.1669v3},
    keywords = {icle}
}

@book{Patterson:2017DeepApproach,
    title = {{Deep learning: A practictioners approach}},
    year = {2017},
    author = {Patterson:, Josh and Gibson;, Adam},
    url = {http://www.nature.com/doifinder/10.1038/nature14539},
    isbn = {9780521835688},
    doi = {10.1038/nature14539},
    issn = {0028-0836},
    pmid = {10463930},
    arxivId = {arXiv:1312.6184v5}
}

@article{Garro2015DesigningAlgorithms,
    title = {{Designing Artificial Neural Networks Using Particle Swarm Optimization Algorithms}},
    year = {2015},
    journal = {Computational Intelligence and Neuroscience},
    author = {Garro, Beatriz A and V{\'{a}}zquez, Roberto A},
    pages = {1--20},
    volume = {2015},
    url = {http://www.hindawi.com/journals/cin/2015/369298/},
    doi = {10.1155/2015/369298},
    issn = {1687-5265}
}

@article{Chhachhiya2017DesigningDataset,
    title = {{Designing Optimal Architecture of Neural Network with Particle Swarm Optimization Techniques Specifically for Education Dataset}},
    year = {2017},
    journal = {Ieee},
    author = {Chhachhiya, Devika and Sharma, Amita and Guptha, Manish},
    pages = {52--57},
    isbn = {9781509035199}
}

@book{Mathworks2018DesktopEnvironment,
    title = {{Desktop Tools and Development Environment}},
    year = {2018},
    author = {{Mathworks}}
}

@article{Wroclaw2009DeterminationCurve,
    title = {{Determination of permeability coefficient of saturated clay based on linear segment of settlement curve}},
    year = {2009},
    journal = {Studia Geotechnica et Mechanica},
    author = {Wroclaw, Eugeniusz Sawicki},
    number = {4},
    pages = {73–84},
    volume = {31},
    url = {http://www.ib.pwr.wroc.pl/zmg/sgem/n4-09/art07_n4_2009.pdf}
}

@phdthesis{PriyantoPutro2007DevelopmentClay,
    title = {{Development and Application of New Constitutive Models To Simulate the Hydraulic-Mechanical Behaviour of Unsaturated Swelling Clay}},
    year = {2007},
    author = {Priyanto Putro, Deni Gunawan}
}

@phdthesis{Kessler2005DevelopmentProcesses,
    title = {{Development of an integrated approach combining artificial neural network material based modeling with finite element analysis of forming processes}},
    year = {2005},
    author = {Kessler, Brian Scott},
    volume = {Ph.D.}
}

@phdthesis{Georgiadis2003DevelopmentAnalysis,
    title = {{Development, implementation and application of partially saturated soil models in finite element analysis}},
    year = {2003},
    author = {Georgiadis, Konstantinos}
}

@book{Drexel2018DifferentialMATLAB,
    title = {{Differential Equations: A Problem Solving Approach Based on MATLAB}},
    year = {2018},
    author = {Drexel, P. Mohana Shankar}
}

@phdthesis{Eslinger2005DiscontinuousProblems,
    title = {{Discontinuous Galerkin Finite Element Methods Applied to Two-Phase , Air-Water Flow Problems}},
    year = {2005},
    author = {Eslinger, Owen John}
}

@article{Jung2006DiscoveryInhibitors,
    title = {{Discovery of Novel and Potent Thiazoloquinazolines as Selective Aurora A and B Kinase Inhibitors}},
    year = {2006},
    journal = {Journal of Medicinal Chemistry},
    author = {Jung, Frédéric H. and Pasquet, Georges and Lambert-van der Brempt, Christine and Lohmann, Jean-Jacques M. and Warin, Nicolas and Renaud, Fabrice and Germain, Hervé and De Savi, Chris and Roberts, Nicola and Johnson, Trevor and Dousson, Cyril and Hill, George B. and Mortlock, Andrew A. and Heron, Nicola and Wilkinson, Robert W. and Wedge, Stephen R. and Heaton, Simon P. and Odedra, Rajesh and Keen, Nicholas J. and Green, Stephen and Brown, Elaine and Thompson, Katherine and Brightwell, Stephen},
    number = {3},
    month = {2},
    pages = {955--970},
    volume = {49},
    url = {http://pubs.acs.org/doi/abs/10.1021/jm050786h},
    isbn = {0045-7949},
    doi = {10.1021/jm050786h},
    issn = {0022-2623},
    keywords = {Constitutive modeling, Finite element, Neural networks, Rate-dependency, Viscoelasticity, Viscoplasticity}
}

@book{Fleming2010EarnedManagement,
    title = {{Earned Value Project Management}},
    year = {2010},
    author = {Fleming, Quentin W},
    isbn = {9781935589082},
    doi = {10.1016/j.drudis.2010.11.015},
    issn = {1878-5832},
    pmid = {21134487},
    keywords = {AMBIENTE ANTROPIZZATO, ANFIBI, CHIAVI DICOTOMICHE, CONSERVAZIONE, DISTRIBUZIONE, ECOLOGIA, Lazio, RETTILI, RICONOSCIMENTO, RIPRODUZIONE, Roma, SPECIE INTRODOTTE}
}

@book{Shao2018EffectiveMechanics,
    title = {{Effective Stress and Equilibrium Equation for Soil Mechanics}},
    year = {2018},
    author = {Shao, Longtan}
}

@article{Selig1978EffectsSoils,
    title = {{Effects of Anisotropic Versus Isotropic Consolidation in Consolidated-Undrained Triaxial Compression Tests of Cohesive Soils}},
    year = {1978},
    journal = {Geotechnical Testing Journal},
    author = {Selig, ET and Donaghe, RT and Townsend, FC},
    number = {4},
    pages = {173},
    volume = {1},
    url = {http://www.astm.org/doiLink.cgi?GTJ10868J},
    doi = {10.1520/GTJ10868J},
    issn = {01496115},
    keywords = {although in-situ stress conditions, anisotropie consolidation, are usually anisotropic, cohesive soils, generally used in routine, isotropic stress conditions are, pore pressures, shear strength, soil tests, triaxial, triaxial tests}
}

@article{Wang2009EfficiencyTransport,
    title = {{Efficiency Study of the Multiscale Finite Volume Formulation for Multiphase Flow and Transport}},
    year = {2009},
    author = {Wang, Xiaochen},
    number = {June},
    pages = {68},
    url = {https://pangea.stanford.edu/ERE/pdf/pereports/MS/WangXiaochen09.pdf}
}

@book{Awad2016EfficientMachines,
    title = {{Efficient Learning Machines}},
    year = {2016},
    author = {Awad, Mariette}
}

@book{Blank2000ElEmprendedor,
    title = {{El Manual Del Emprendedor}},
    year = {2000},
    author = {Blank, S. and Dorf, B.},
    pages = {640},
    isbn = {978-8498752830}
}

@book{Zienkiewicz1994ElLineales,
    title = {{El Metodo de los Elementos Finitos: Formulacion Basica y Problemas Lineales}},
    year = {1994},
    author = {Zienkiewicz, O.C. and Taylor, R.L.}
}

@book{Zienkiewicz1994ElLinealidad,
    title = {{El Metodo de los Elementos Finitos: Mecanica de Solidos y Fluidos. Dinamica y no Linealidad}},
    year = {1994},
    author = {Zienkiewicz, O.C. and Taylor, R.L.}
}

@misc{Smith1998ElementsMechanics,
    title = {{Elements of Soil Mechanics}},
    year = {1998},
    author = {Smith, G.N. and Smith, I.G.N.}
}

@book{Sammut2017EncyclopediaMining,
    title = {{Encyclopedia of Machine Learning and Data Mining}},
    year = {2017},
    author = {Sammut, Claude and Webb, Geoffrey I.},
    editor = {Sammut, Claude and Webb, Geoffrey I.},
    pages = {1335},
    publisher = {Springer US},
    url = {http://link.springer.com/10.1007/978-1-4899-7687-1},
    address = {Boston, MA},
    isbn = {978-1-4899-7685-7},
    doi = {10.1007/978-1-4899-7687-1},
    issn = {0933-1875},
    pmid = {10463930},
    arxivId = {arXiv:1011.1669v3}
}

@book{Rosa2006EngenhariaPetroleo,
    title = {{Engenharia de reservatórios de petróleo}},
    year = {2006},
    author = {Rosa, Adalberto José. and Carvalho, Renato de Souza. and Xavier, José Augusto Daniel.},
    pages = {808},
    publisher = {Interciência},
    isbn = {8571931356}
}

@book{Woods2010EnglishDummies,
    title = {{English grammar workbook for dummies}},
    year = {2010},
    author = {Woods, Geraldine},
    publisher = {John Wiley {\&} Sons},
    isbn = {1118054784}
}

@book{Hahn2017EssentialScientists,
    title = {{Essential MATLAB for Engineers and Scientists}},
    year = {2017},
    author = {Hahn, Brian H. and Valentine, Daniel T.}
}

@book{Pinder2008EssentialsMedia,
    title = {{Essentials of Multiphase Flow in Porous Media}},
    year = {2008},
    author = {Pinder, George F. and Gray, William G.},
    isbn = {9780470317624}
}

@book{Simon2013EvolutionaryAlgorithms,
    title = {{Evolutionary optimization algorithms}},
    year = {2013},
    author = {Simon, Dan},
    isbn = {978-0-470-93741-9},
    keywords = {icle}
}

@phdthesis{Rezania2008EvolutionaryAnalysis,
    title = {{Evolutionary Polynomial Regression Based Constitutive Modelling and Incorporation in Finite Element Analysis}},
    year = {2008},
    author = {Rezania, Mohammad},
    number = {August}
}

@book{Hoyos2010ExperimentalSoils,
    title = {{Experimental and Applied Modeling of Unsaturated Soils}},
    year = {2010},
    author = {Hoyos, Laureano R.},
    number = {202},
    isbn = {9780784411032}
}

@book{Schanz2007ExperimentalMechanics,
    title = {{Experimental Unsaturated Soil Mechanics}},
    year = {2007},
    author = {Schanz, T.},
    isbn = {9783540698722}
}

@book{Vaz2012ExploringMethods,
    title = {{Exploring Monte Carlo Methods}},
    year = {2012},
    author = {Vaz, Pedro}
}

@book{Mathworks2018ExternalInterfaces,
    title = {{External Interfaces}},
    year = {2018},
    author = {{Mathworks}}
}

@article{Yamamoto2011FastNetworks,
    title = {{Fast backpropagation learning using optimization of learning rate for pulsed neural networks}},
    year = {2011},
    journal = {Electronics and Communications in Japan},
    author = {Yamamoto, Kenji and Koakutsu, Seiichi and Okamoto, Takashi and Hirata, Hironori},
    number = {7},
    month = {7},
    pages = {27--34},
    volume = {94},
    url = {http://doi.wiley.com/10.1002/ecj.10249},
    doi = {10.1002/ecj.10249},
    issn = {19429533},
    keywords = {backpropagation learning, learning rate, pulsed neural network}
}

@book{Zheng2018FeatureLearning,
    title = {{Feature Engineering for Machine Learning}},
    year = {2018},
    author = {Zheng, Alice and Casari, Amanda},
    url = {https://books.google.com.au/books?hl=en&lr=&id=QmNRDwAAQBAJ&oi=fnd&pg=PT15&ots=4FR0a_rfAH&sig=xMBalldd_vLcQdcnDWy9q7c_z7c#v=onepage&q&f=false},
    isbn = {9781491953242}
}

@book{Dong2018FeatureAnalytics,
    title = {{Feature Engineering for Machine Learning and Data Analytics}},
    year = {2018},
    author = {Dong, Guozhu and Liu, Huan},
    isbn = {9781138744387}
}

@book{PottsD.andZdravkovic1999FiniteV1,
    title = {{Finite Element Analysis in Geotechnical Engineering V1}},
    year = {1999},
    author = {Potts, D. and Zdravkovic, L.},
    pages = {468},
    url = {https://books.google.ru/books?id=Duzhm6qmgPcC},
    isbn = {978-0-7277-2753-4},
    doi = {doi:10.1680/feaiget.27534},
    issn = {1098-6596},
    pmid = {25246403},
    arxivId = {arXiv:1011.1669v3},
    keywords = {icle}
}

@book{Pottz2001FiniteApplication,
    title = {{Finite Element Analysis in Geotechnical Engineering: Application}},
    year = {2001},
    author = {Pottz, D and Zdravkovic, L}
}

@misc{Ports2001FiniteTheory,
    title = {{Finite element analysis in Geotechnical engineering: Theory}},
    year = {2001},
    author = {Ports, D M and Zdravkovic, L},
    publisher = {Thomas Telford, London}
}

@book{Akin2005FiniteEstimators,
    title = {{Finite Element Analysis with error estimators}},
    year = {2005},
    author = {Akin, J.E.},
    pages = {465},
    isbn = {0750667222, 9780750667227}
}

@book{Donea2003FiniteProblems,
    title = {{Finite Element Methods for Flow Problems}},
    year = {2003},
    author = {Donea, Jean and Huerta, Antonio}
}

@book{Bathe1996FiniteProcedure,
    title = {{Finite Element Procedure}},
    year = {1996},
    author = {Bathe, Klauss-Jurgen}
}

@book{Ganesan2017FiniteAlgorithms,
    title = {{Finite Elements: Theory and Algorithms}},
    year = {2017},
    author = {Ganesan, Sashikumaar and Tobiska, Lutz},
    isbn = {9781108415705}
}

@book{Nelson2015FoundationSoils,
    title = {{Foundation Engineering for Expansive Soils}},
    year = {2015},
    author = {Nelson, John D. and Chao, Kuo Chieh. and Overton, Daniel D. and Nelson, Erik J.}
}

@book{Hashiguchi2017FoundationsModel,
    title = {{Foundations of Elastoplasticity: Subloading Surface Model}},
    year = {2017},
    author = {Hashiguchi, Koichi},
    publisher = {Springer International Publishing},
    url = {http://link.springer.com/10.1007/978-3-319-48821-9},
    address = {Cham},
    isbn = {978-3-319-48819-6},
    doi = {10.1007/978-3-319-48821-9}
}

@article{Moon2015FromFramework,
    title = {{From Direct Simple Shear Test to Soil Model Development and Supported Excavation Simulation: Integrated Computational-Experimental Soil Behavior Characterization Framework}},
    year = {2015},
    journal = {Journal of Geotechnical and Geoenvironmental Engineering},
    author = {Moon, Sung-woo and Hashash, Youssef M A},
    number = {11},
    month = {11},
    pages = {04015050},
    volume = {141},
    url = {http://dx.doi.org/10.1061/(ASCE)GT.1943-5606.0001351%5Cnhttp://ascelibrary.org/doi/10.1061/%28ASCE%29GT.1943-5606.0001351%5Cnhttp://ascelibrary.org/doi/pdf/10.1061/%28ASCE%29GT.1943-5606.0001351 http://ascelibrary.org/doi/10.1061/%28ASCE%29GT.1943-5606.00},
    isbn = {1090-0241},
    doi = {10.1061/(ASCE)GT.1943-5606.0001351},
    issn = {1090-0241}
}

@article{Freeman2008FullyCharacterization,
    title = {{Fully Coupled Thermo-Hydro-Mechanical modeling by COMSOL Multiphysics, with applications in reservoir geomechanical characterization}},
    year = {2008},
    journal = {COMSOL Conference 2008},
    author = {Freeman, T T and Chalaturnyk, R J and Bogdanov, I I},
    url = {https://www.comsol.de/papers/4926/download/Freeman.pdf},
    keywords = {COMSOL, Modeling}
}

@article{Bhatti2005FundamentalApplications,
    title = {{Fundamental finite element analysis and applications}},
    year = {2005},
    author = {Bhatti, M Asghar}
}

@book{Azar2003FundamentallsWorkbook,
    title = {{Fundamentalls of English Grammar: Workbook}},
    year = {2003},
    author = {Azar, Betty Schrampfer},
    isbn = {0130136336}
}

@book{Rudnicki2015FundamentalsMechanics,
    title = {{Fundamentals of Continuum Mechanics}},
    year = {2015},
    author = {Rudnicki, John}
}

@book{Elnashai2015FundamentalsEngineering,
    title = {{Fundamentals of earthquake engineering}},
    year = {2015},
    author = {Elnashai, Amr S.}
}

@book{Koutromanos2018FundamentalsAnalysis,
    title = {{Fundamentals of Finite Element Analysis: Linear Finite Element Analysis}},
    year = {2018},
    author = {Koutromanos, Ioannis},
    isbn = {9781119260141}
}

@book{Peaceman1979FundamentalsSimulation,
    title = {{Fundamentals of Numerical Reservoir Simulation}},
    year = {1979},
    author = {Peaceman, Donald W. and {.}},
    number = {3},
    pages = {404--406},
    volume = {21},
    isbn = {0444415785},
    doi = {10.1137/1021068},
    issn = {0036-1445}
}

@book{Mitchell2005FundamentalsBehavior,
    title = {{Fundamentals of soil behavior}},
    year = {2005},
    author = {Mitchell, James K and Soga, Kenichi and Wiley, John},
    isbn = {0471463027}
}

@book{Budhu2015FundamentalsMechanics,
    title = {{Fundamentals of soil mechanics}},
    year = {2015},
    author = {Budhu, Muni},
    publisher = {National Technical Information Service}
}

@book{Mathworks2018FuzzyGuide,
    title = {{Fuzzy Logic Toolbox: User's Guide}},
    year = {2018},
    author = {{Mathworks}}
}

@article{Teixeira2016GeMAMultidisciplinares,
    title = {{GeMA , um novo framework para a prototipa{\c{c}}{\~{a}}o , desenvolvimento e integra{\c{c}}{\~{a}}o de simula{\c{c}}ões multif{\'{i}}sicas e multiescalas em grupos multidisciplinares}},
    year = {2016},
    author = {Teixeira, Carlos A M}
}

@article{Biot1941GeneralConsolidation,
    title = {{General Theory of Three-Dimensional Consolidation}},
    year = {1941},
    journal = {Physics},
    author = {Biot, Maurice a},
    number = {2},
    pages = {155--164},
    volume = {12}
}

@phdthesis{Moon2015GeneralizedMedia,
    title = {{Generalized Discontinuous Multiscale Methods for Flows in Highly Heterogeneous Porous Media}},
    year = {2015},
    author = {Moon, Minam}
}

@inproceedings{Atanassov2008GeneralizedAlgorithm,
    title = {{Generalized net model for parallel optimization of feed-forward neural network with variable learning rate backpropagation algorithm}},
    year = {2008},
    booktitle = {2008 4th International IEEE Conference Intelligent Systems},
    author = {Atanassov, K. and Krawczak, M. and Sotirov, S.},
    month = {9},
    pages = {16--16},
    volume = {3},
    publisher = {IEEE},
    url = {http://ieeexplore.ieee.org/document/4670540/},
    isbn = {978-1-4244-1739-1},
    doi = {10.1109/IS.2008.4670540},
    issn = {1860949X},
    keywords = {Generalized nets, Modelling, Multifactor method, Teaching quality}
}

@article{Lu2015GeneralizedAlgorithm,
    title = {{Generalized radial basis function neural network based on an improved dynamic particle swarm optimization and AdaBoost algorithm}},
    year = {2015},
    journal = {Neurocomputing},
    author = {Lu, Jinna and Hu, Hongping and Bai, Yanping},
    number = {2015},
    month = {3},
    pages = {305--315},
    volume = {152},
    url = {http://dx.doi.org/10.1016/j.neucom.2014.10.065 http://linkinghub.elsevier.com/retrieve/pii/S0925231214014611},
    doi = {10.1016/j.neucom.2014.10.065},
    issn = {09252312},
    keywords = {2015, 305, 315, AdaBoost algorithm, Dynamic particle swarm optimization, Exponential decreasing inertia weight, Generalized radial basis function, contents lists available at, rocomputing 152, sciencedirect}
}

@inproceedings{Idrissi2016GeneticOptimization,
    title = {{Genetic algorithm for neural network architecture optimization}},
    year = {2016},
    booktitle = {2016 3rd International Conference on Logistics Operations Management (GOL)},
    author = {Idrissi, Mohammed Amine Janati and Ramchoun, Hassan and Ghanou, Youssef and Ettaouil, Mohamed},
    month = {5},
    pages = {1--4},
    publisher = {IEEE},
    url = {http://ieeexplore.ieee.org/document/7731699/},
    isbn = {978-1-4673-8571-8},
    doi = {10.1109/GOL.2016.7731699},
    keywords = {architecture, artificial neural networks, by the given problem, case for the, feed, forward neural network, genetic algorithms, however, multi-objective optimization, neural network, supervised training, this is not the}
}

@book{Hasle2007GeometricOptimization,
    title = {{Geometric Modelling, Numerical Simulation, and Optimization}},
    year = {2007},
    author = {Hasle, Geir and Lie, Knut-Andreas and Quak, Ewald and Hagen, Trond and Henriksen, Martin and Hjelmervik, Jon},
    editor = {Hasle, Geir and Lie, Knut-Andreas and Quak, Ewald},
    pages = {211--264},
    publisher = {Springer Berlin Heidelberg},
    url = {http://www.springerlink.com/content/l317g153422k6616/\nhttp://www.springerlink.com/index/10.1007/978-3-540-68783-2\nhttp://www.springerlink.com/content/mk4718q6030r446p/ http://link.springer.com/10.1007/978-3-540-68783-2},
    address = {Berlin, Heidelberg},
    isbn = {978-3-540-68782-5},
    doi = {10.1007/978-3-540-68783-2},
    keywords = {Mathematics}
}

@book{Verbrugge2018GeotechnicalRocks,
    title = {{Geotechnical Correlations for Soils and Rocks}},
    year = {2018},
    author = {Verbrugge, Jean-Claude and Schroeder, Christian}
}

@book{Ming2015GeotechnicalDesign,
    title = {{Geotechnical Engineering Design}},
    year = {2015},
    author = {Ming, Xiao}
}

@book{Briaud2013GeotechnicalSoils,
    title = {{Geotechnical Engineering Unsaturated and Saturated Soils}},
    year = {2013},
    author = {Briaud, Jean-Louis},
    keywords = {icle}
}

@book{Lees2016GeotechnicalGuide,
    title = {{Geotechnical finite element analysis : a practical guide}},
    year = {2016},
    author = {Lees, Andrew},
    isbn = {9780727760876 0727760874}
}

@book{Germaine2009GeotechnicalEngineers,
    title = {{Geotechnical Laboratory Measurements for Engineers}},
    year = {2009},
    author = {Germaine, John T. and Germaine, Amy V.}
}

@book{Wood2004GeotechnicalModelling,
    title = {{Geotechnical Modelling}},
    year = {2004},
    author = {Wood, David Muir}
}

@book{Lommler2012GeotechnicalSolving,
    title = {{Geotechnical Problem Solving}},
    year = {2012},
    author = {Lommler, John C.}
}

@book{Mathworks2018GlobalGuide,
    title = {{Global Optimization Toolbox User's Guide}},
    year = {2018},
    author = {{Mathworks}},
    url = {https://www.mathworks.com/help/pdf_doc/gads/gads_tb.pdf}
}

@phdthesis{Valdmanis2012GPUProject,
    title = {{GPU accelerating the FEniCS Project}},
    year = {2012},
    author = {Valdmanis, Fredrik Heffer},
    pages = {1--123},
    url = {http://fenicsproject.org/pub/misc/documents/msc-thesis-valdmanis-2012.pdf}
}

@book{Soyata2018GPUCUDA,
    title = {{GPU Parallel Program Development Using CUDA}},
    year = {2018},
    author = {Soyata, Tolga},
    isbn = {9781498750752}
}

@book{Ploskas2016GPUMATLAB,
    title = {{GPU Programming in MATLAB}},
    year = {2016},
    author = {Ploskas, Nikolaos},
    isbn = {9780128051320}
}

@book{Mathworks2018Graphics,
    title = {{Graphics}},
    year = {2018},
    author = {{Mathworks}}
}

@article{Natvig2012GridMethods,
    title = {{Grid Adaption for Upscaling and Multiscale Methods}},
    year = {2012},
    author = {Natvig, JR and Lie, KA and Krogstad, S and Yang, Y and Wu, XH},
    number = {September 2012},
    pages = {10--13},
    url = {http://home.ifi.uio.no/kalie/papers/ecmor-xiii-dnr.pdf}
}

@book{Elton2015GroundedMechanics,
    title = {{Grounded! : amazing classroom demonstrations in soil mechanics}},
    year = {2015},
    author = {Elton, David J.},
    isbn = {9780784405680}
}

@article{Schwer2006GuideMechanics,
    title = {{Guide for verification and validation in computational solid mechanics}},
    year = {2006},
    journal = {American Society of Mechanical Engineers},
    author = {Schwer, LE},
    number = {V{\&}V 10},
    pages = {1--15},
    volume = {PTC 60},
    url = {http://scholar.google.com/scholar?hl=en&btnG=Search&q=intitle:Guide+for+Verification+and+Validation+in+Computational+Solid+Mechanics#1}
}

@book{Kroese2011HandbookMethods,
    title = {{Handbook of Monte Carlo Methods}},
    year = {2011},
    author = {Kroese, Dirk P},
    isbn = {9780470177938}
}

@book{Hiot2011HandbookIntelligence,
    title = {{Handbook of Swarm Intelligence}},
    year = {2011},
    author = {Hiot, Lim Meng and Ong, Yew Soon and Panigrahi, Bijaya Ketan and Shi, Yuhui and Lim, Meng-Hiot and Tripathi, Praveen Kumar and Bandyopadhyay, Sanghamitra and Pal, Sankar Kumar},
    editor = {Panigrahi, Bijaya Ketan and Shi, Yuhui and Lim, Meng-Hiot},
    pages = {221--239},
    series = {Adaptation, Learning, and Optimization},
    volume = {8},
    publisher = {Springer Berlin Heidelberg},
    url = {http://www.springerlink.com/content/r4k7w76467163180/ http://link.springer.com/10.1007/978-3-642-17390-5},
    address = {Berlin, Heidelberg},
    isbn = {978-3-642-17389-9},
    doi = {10.1007/978-3-642-17390-5},
    keywords = {Engineering}
}

@book{Alfred2015HandbookWriting,
    title = {{Handbook of Technical Writing}},
    year = {2015},
    author = {Alfred, Gerald J. and Brusaw, Charles T. and Oliu, Walter E.}
}

@book{Geron2017Hands-OnTensorFlow,
    title = {{Hands-On Machine Learning with Scikit-Learn {\&} TensorFlow}},
    year = {2017},
    author = {G{\'{e}}ron, Urélien},
    isbn = {9781491962299}
}

@book{Day1998HowPaper,
    title = {{How to write {\&} publish a scientific paper}},
    year = {1998},
    author = {Day, Robert A}
}

@article{Ma2016HydraulicCharacterization,
    title = {{Hydraulic and Mechanical Behavior of Unsaturated Silt: Experimental and Theoretical Characterization}},
    year = {2016},
    journal = {International Journal of Geomechanics},
    author = {Ma, Tiantian and Wei, Changfu and Wei, Houzhen and Li, Wentao},
    number = {6},
    month = {12},
    pages = {D4015007},
    volume = {16},
    url = {http://ascelibrary.org/doi/10.1061/(ASCE)GM.1943-5622.0000576 http://ascelibrary.org/doi/10.1061/%28ASCE%29GM.1943-5622.0000576},
    doi = {10.1061/(ASCE)GM.1943-5622.0000576},
    issn = {1532-3641}
}

@article{Liu2013ImplementationCUDA,
    title = {{Implementation of Neural Network Backpropagation in CUDA A Brief Introduction to CUDA}},
    year = {2013},
    author = {Liu, Jinfeng and Guo, Lei},
    pages = {1021--1027},
    keywords = {backpropagation, cuda, gpu, neural network}
}

@article{Choubineh2017ImprovedOptimization,
    title = {{Improved predictions of wellhead choke liquid critical-flow rates: Modelling based on hybrid neural network training learning based optimization}},
    year = {2017},
    journal = {Fuel},
    author = {Choubineh, Abouzar and Ghorbani, Hamzeh and Wood, David A. and Robab Moosavi, Seyedeh and Khalafi, Elias and Sadatshojaei, Erfan},
    month = {11},
    pages = {547--560},
    volume = {207},
    publisher = {Elsevier Ltd},
    url = {http://dx.doi.org/10.1016/j.fuel.2017.06.131 http://linkinghub.elsevier.com/retrieve/pii/S0016236117308451},
    doi = {10.1016/j.fuel.2017.06.131},
    issn = {00162361},
    keywords = {Artificial neural network, Empirical wellhead coke flow rate published correl, Liquid critical-flow rate, Non-linear regression, Relevancy factor, Teaching-learning-based optimization}
}

@misc{Marulanda2005IntegrationExcavations,
    title = {{Integration of numerical modeling and field observations of deep excavations}},
    year = {2005},
    author = {Marulanda, Camilo},
    publisher = {University of Illinois at Urbana-Champaign}
}

@article{Hashash1992IntegrationAnalysis,
    title = {{Integration of the modified Cam-Clay model in non-linear finite element analysis}},
    year = {1992},
    journal = {Computers and Geotechnics},
    author = {Hashash, Y.M.a. and Whittle, a.J.},
    number = {2},
    pages = {59--83},
    volume = {14},
    doi = {10.1016/0266-352X(92)90015-L},
    issn = {0266352X}
}

@phdthesis{Faramarzi2011IntelligentAnalysis,
    title = {{Intelligent computational solutions for constitutive modelling of materials in finite element analysis}},
    year = {2011},
    author = {Faramarzi, Asaad},
    number = {October}
}

@phdthesis{Fu2007InterpretationConditions,
    title = {{Interpretation of soil behavior from laboratory specimens subjected to non-uniform loading conditions}},
    year = {2007},
    author = {Fu, Qingwei}
}

@book{Lai2009IntroductionMechanics,
    title = {{Introduction to Continuum Mechanics}},
    year = {2009},
    author = {Lai, W. Michael and Rubin, David and Krempl, Erhard},
    isbn = {9780750685603}
}

@book{Szabo2011IntroductionValidation.,
    title = {{Introduction to finite element analysis : Formulation, verification, and validation.}},
    year = {2011},
    author = {Szabo, Barna and Babuska, Ivo}
}

@book{Khennane2013IntroductionAbaqus,
    title = {{Introduction to Finite Element Analysis Using MATLAB{\textregistered} and Abaqus}},
    year = {2013},
    author = {Khennane, Amar},
    url = {http://www.crcnetbase.com/doi/book/10.1201/b15042},
    isbn = {978-1-4665-8020-6},
    doi = {10.1201/b15042}
}

@misc{Chandrupatla2002IntroductionEngineering,
    title = {{Introduction to Finite Elements in Engineering}},
    year = {2002},
    author = {Chandrupatla, T.R. and Belegundu, Ashok},
    pages = {473},
    isbn = {0130615919}
}

@book{Hashiguchi2012IntroductionElasto-plasticity,
    title = {{Introduction to finite strain theory for continuum elasto-plasticity}},
    year = {2012},
    author = {Hashiguchi, K and Yamakawa, Y}
}

@book{Hager2011IntroductionEngineers,
    title = {{Introduction to High Performance Scientific Computing for Scientists and Engineers}},
    year = {2011},
    author = {Hager, Georg and Wellein, Gerhard}
}

@book{Muller2015IntroductionPython,
    title = {{Introduction to Machine Learning with Python}},
    year = {2015},
    author = {M{\"{u}}ller, Andreas C.},
    volume = {1},
    isbn = {9788578110796},
    doi = {10.1017/CBO9781107415324.004},
    issn = {1098-6596},
    pmid = {25246403},
    arxivId = {arXiv:1011.1669v3},
    keywords = {icle}
}

@book{Gordon2017IntroductionPython,
    title = {{Introduction to Modeling and Simulation with MATLAB{\textregistered} and Python}},
    year = {2017},
    author = {Gordon, Steven I. and Guilfoos, Brian.},
    pages = {192},
    isbn = {9781315151748}
}

@book{Willmore2017IntroductionComputing,
    title = {{Introduction to scientific and technical computing}},
    year = {2017},
    author = {Willmore, Frank T. and Jankowski, Eric and Colina, Coray},
    isbn = {9223372036854}
}

@book{Barth2016IntroductionAnalysis,
    title = {{Introduction to Scientific Computing and Data Analysis}},
    year = {2016},
    author = {Barth, Timothy J.},
    isbn = {9783319302546}
}

@book{Bodo2013IntroductionMechanics,
    title = {{Introduction to soil mechanics}},
    year = {2013},
    author = {Bod{\'{o}}, Béla and Jones, Colin}
}

@book{Fratta2007IntroductionTesting,
    title = {{Introduction to Soil Mechanics Laboratory Testing}},
    year = {2007},
    author = {Fratta, Dante}
}

@book{Sweigart2017InventPython,
    title = {{Invent your own computer games with python}},
    year = {2017},
    author = {Sweigart, A L},
    isbn = {9781593277956}
}

@book{Tarantino2008LaboratorySoils,
    title = {{Laboratory and Field Testing of Unsaturated Soils}},
    year = {2008},
    author = {Tarantino, Alessandro and Romero, Enrique},
    pages = {214},
    isbn = {9781402088186}
}

@book{Munjiza2015LargeMethod,
    title = {{Large strain finite element method}},
    year = {2015},
    author = {Munjiza, Antonio and Rougier, Esteban and Knight, Earl E.}
}

@book{Croll2013LeanFaster,
    title = {{Lean analytics: use data to build a better startup faster}},
    year = {2013},
    author = {Croll, A. and Yoskovitz, B.},
    pages = {409},
    url = {https://books.google.com/books?id=VJS5qQWOKUIC&pgis=1},
    isbn = {1449335675}
}

@book{Alvarez2014LeanDevelopment,
    title = {{Lean Customer Development}},
    year = {2014},
    author = {Alvarez, Cindy},
    pages = {622},
    isbn = {0636920028253}
}

@book{Gothelf2013LeanUX,
    title = {{Lean UX}},
    year = {2013},
    author = {Gothelf, Jeff},
    url = {http://dl.acm.org/citation.cfm?doid=2639189.2670285},
    isbn = {9781450325424},
    doi = {10.1145/2639189.2670285}
}

@book{Heydt2017LearningPandas,
    title = {{Learning Pandas}},
    year = {2017},
    author = {Heydt, Michael},
    isbn = {978-1-78398-512-8}
}

@book{Lutz2013LearningPython,
    title = {{Learning Python}},
    year = {2013},
    author = {Lutz, Mark},
    isbn = {9781449355739}
}

@book{Lent2013LearningTools,
    title = {{Learning to program with MATLAB : building GUI tools}},
    year = {2013},
    author = {Lent, Craig S},
    isbn = {9780470936443}
}

@book{W.F.Chen1990LimitMechanics,
    title = {{Limit Analysis in Soil Mechanics}},
    year = {1990},
    author = {W. F. Chen, X. L. Liu},
    pages = {477},
    isbn = {978-0-444-43042-7}
}

@book{Longman2000LongmanDictionary,
    title = {{Longman Phrasal Verbs Dictionary}},
    year = {2000},
    author = {{Longman}}
}

@book{Bonaccorso2017MachineAlgorithms,
    title = {{Machine Learning Algorithms}},
    year = {2017},
    author = {Bonaccorso, Giuseppe},
    isbn = {9781785889622}
}

@book{Watt2016MachineProviding,
    title = {{Machine Learning Refined Providing}},
    year = {2016},
    author = {Watt, Jeremy and Borhani, Reza and Katsaggelos, Aggelos K},
    isbn = {9781107123526}
}

@book{Shukla2017MachineTensorFlow,
    title = {{Machine Learning with TensorFlow}},
    year = {2017},
    author = {Shukla, Nishant}
}

@book{Mohammed2017MachineApplications,
    title = {{Machine Learning: Algorithms and Applications}},
    year = {2017},
    author = {Mohammed, Mohssen and Bashier, Eihab and Bashier, Mohammed and Group, Francis},
    isbn = {9781498705387}
}

@book{Marsland2015MachinePerspective,
    title = {{Machine Learning: An algorithmic Perspective}},
    year = {2015},
    author = {Marsland, Stephen},
    isbn = {9781466583337}
}

@book{Antonopoulos2016MasteringBitcoin,
    title = {{Mastering Bitcoin}},
    year = {2016},
    author = {Antonopoulos, Andreas M.}
}

@book{Swamynathan2017MasteringSteps,
    title = {{Mastering Machine Learning with Python in six Steps}},
    year = {2017},
    author = {Swamynathan, Manohar},
    isbn = {9781484228654},
    doi = {10.1007/978-1-4842-2866-1}
}

@book{Swamynathan2017MasteringStepsb,
    title = {{Mastering Machine Learning with Python in Six Steps}},
    year = {2017},
    author = {Swamynathan, Manohar},
    publisher = {Apress},
    url = {http://link.springer.com/10.1007/978-1-4842-2866-1},
    address = {Berkeley, CA},
    isbn = {978-1-4842-2865-4},
    doi = {10.1007/978-1-4842-2866-1},
    issn = {09050167},
    pmid = {12581935},
    arxivId = {http://aisel.aisnet.org/sjis/vol19/iss2/4}
}

@book{Fandango2018Mastering1.x,
    title = {{Mastering TensorFlow 1.x}},
    year = {2018},
    author = {Fandango, Armando},
    isbn = {9781788292061}
}

@book{Mathworks2018MAT-FileFormat,
    title = {{MAT-File Format}},
    year = {2018},
    author = {{Mathworks}}
}

@techreport{Quarteroni2009MathematicalEngineering,
    title = {{Mathematical Models in Science and Engineering}},
    year = {2009},
    author = {Quarteroni, Alfio},
    url = {https://pdfs.semanticscholar.org/29c5/bd3dcd3fd168b4c248847628f0c1dfdeb65a.pdf}
}

@book{Mathworks2018Mathematics,
    title = {{Mathematics}},
    year = {2018},
    author = {{Mathworks}}
}

@book{Attaway2017MatlabSolving,
    title = {{Matlab A Practical Introduction to Programming and Problem Solving}},
    year = {2017},
    author = {Attaway, Stormy},
    isbn = {9780128045251}
}

@book{Gdeisat2013MatlabBasics,
    title = {{Matlab by Example: Programming Basics}},
    year = {2013},
    author = {Gdeisat, Munther and Lilley, Francis},
    pages = {354},
    keywords = {icle}
}

@book{Mathworks2018MATLABGuide,
    title = {{MATLAB Coder: Getting Started Guide}},
    year = {2018},
    author = {{Mathworks}}
}

@book{Mathworks2018MATLABGuideb,
    title = {{MATLAB Coder: User's Guide}},
    year = {2018},
    author = {{Mathworks}}
}

@book{Mathworks2018MATLABGuidec,
    title = {{MATLAB Compiler: User's Guide}},
    year = {2018},
    author = {{Mathworks}}
}

@book{Kim2017MATLABLearning,
    title = {{MATLAB Deep Learning}},
    year = {2017},
    author = {Kim, Phil},
    publisher = {Apress},
    url = {http://link.springer.com/10.1007/978-1-4842-2845-6},
    address = {Berkeley, CA},
    isbn = {978-1-4842-2844-9},
    doi = {10.1007/978-1-4842-2845-6}
}

@book{Lopez2014MATLABEquations,
    title = {{MATLAB Differential Equations}},
    year = {2014},
    author = {Lopez, Cesar Perez},
    keywords = {icle}
}

@book{Wallisch2014MATLABMATLAB,
    title = {{MATLAB for Neuroscientists: An Introduction to Scientific Computing in MATLAB}},
    year = {2014},
    author = {Wallisch, Pascal and Lusignan, Michael E. and Benayoun, Marc D. and Baker, Tanya I. and Dickey, Adam S. and Hatsopoulos, Nicholas G.}
}

@book{Lopez2014MATLABProgramming,
    title = {{MATLAB Graphical Programming}},
    year = {2014},
    author = {L{\'{o}}pez, César Pérez},
    volume = {1},
    publisher = {Apress},
    url = {http://link.springer.com/10.1007/978-1-4842-0292-0 http://link.springer.com/10.1007/978-1-4842-0316-3},
    address = {Berkeley, CA},
    isbn = {978-1-4842-0317-0},
    doi = {10.1007/978-1-4842-0316-3},
    issn = {1098-6596},
    pmid = {25246403},
    arxivId = {arXiv:1011.1669v3},
    keywords = {icle}
}

@book{Paluszek2016MatlabLearning,
    title = {{Matlab Machine learning}},
    year = {2016},
    author = {Paluszek, Michael and Thomas, Stephanie},
    url = {http://whatis.techtarget.com/definition/machine-learning},
    isbn = {0070428077},
    doi = {10.1007/978-981-10-1509-0{\_}9},
    issn = {21984190}
}

@book{Lopez2014MATLABTechniques,
    title = {{MATLAB Optimization Techniques}},
    year = {2014},
    author = {L{\'{o}}pez, César Pérez},
    volume = {1},
    publisher = {Apress},
    url = {http://link.springer.com/10.1007/978-1-4842-0292-0},
    address = {Berkeley, CA},
    isbn = {978-1-4842-0293-7},
    doi = {10.1007/978-1-4842-0292-0},
    issn = {1098-6596},
    pmid = {25246403},
    arxivId = {arXiv:1011.1669v3},
    keywords = {icle}
}

@book{Paluszek2015MATLABApproach,
    title = {{MATLAB Recipes A Problem-Solution Approach}},
    year = {2015},
    author = {Paluszek, Michael and Thomas, Stephanie}
}

@book{Trauth2007MATLABEdition,
    title = {{MATLAB Recipes for earth sciences: Second edition}},
    year = {2007},
    author = {Trauth, Martin H.},
    pages = {1--288},
    isbn = {3540279830},
    doi = {10.1007/978-3-540-72749-1},
    issn = {13514180},
    pmid = {26768},
    arxivId = {arXiv:1011.1669v3}
}

@book{Mathworks2018MATLABGuided,
    title = {{MATLAB Report Generator: User's Guide}},
    year = {2018},
    author = {{Mathworks}}
}

@book{Gandomi2013MetaheuristicInfrastructures,
    title = {{Metaheuristic Applications in Structures and Infrastructures}},
    year = {2013},
    author = {Gandomi, Amir Hossein and Yang, Xin-She and Talatahari, Siamak and Alavi, Amir Hossein},
    publisher = {Elsevier},
    url = {http://linkinghub.elsevier.com/retrieve/pii/C20110087781},
    isbn = {9780123983640},
    doi = {10.1016/C2011-0-08778-1}
}

@article{Carvalho2011MetaheuristicsProblem,
    title = {{Metaheuristics for the feedforward artificial neural network (ANN) architecture optimization problem}},
    year = {2011},
    journal = {Neural Computing and Applications},
    author = {Carvalho, Adenilson R. and Ramos, Fernando M. and Chaves, Antonio A},
    number = {8},
    month = {11},
    pages = {1273--1284},
    volume = {20},
    url = {http://link.springer.com/10.1007/s00521-010-0504-3},
    doi = {10.1007/s00521-010-0504-3},
    issn = {0941-0643},
    keywords = {computation, neural network architecture {\'{a}}, optimization algorithms {\'{a}} evolutionary}
}

@book{Yang2013MetaheuristicsEngineering,
    title = {{Metaheuristics in Water, Geotechnical and Transport Engineering}},
    year = {2013},
    author = {Yang, Xin-She and Gandomi, Amir Hossein and Talatahari, Siamak and Alavi, Amir Hossein},
    publisher = {Elsevier},
    url = {http://linkinghub.elsevier.com/retrieve/pii/C20110078018},
    isbn = {9780123982964},
    doi = {10.1016/C2011-0-07801-8}
}

@phdthesis{ResulaliEmreOrgut2017MetricsBy,
    title = {{Metrics That Matter: Improving Project Controls and Analytics in Construction Industry by}},
    year = {2017},
    author = {{Resulali Emre Orgut}}
}

@phdthesis{Matringe2008MixedTracing,
    title = {{Mixed finite element methods for discretization and streamline tracing}},
    year = {2008},
    author = {Matringe, Sébastien Francois}
}

@inproceedings{Sintef2012MixedFlow,
    title = {{Mixed Multiscale Methods for Compressible Flow}},
    year = {2012},
    booktitle = {Proceedings of ECMOR XIII–13th European Conference on the Mathematics of Oil Recovery, Biarritz, France. EAGE. doi},
    author = {Sintef, S Krogstad and Sintef, K Lie and Sintef, B Skaflestad and Krogstad, S and Lie, K A and Skaflestad, B},
    pages = {2214--4609},
    volume = {10},
    doi = {10.3997/2214-4609.20143240}
}

@phdthesis{Ibanez2003ModelagemSaturados,
    title = {{Modelagem constitutiva para solos com {\^{e}}nfase em solos n{\~{a}}o saturados}},
    year = {2003},
    author = {Iba{\~{n}}ez, Juan Pablo},
    pages = {241}
}

@phdthesis{Yun2006ModelingSimulation,
    title = {{Modeling of hysteretic behavior of beam -column connections based on self -learning simulation}},
    year = {2006},
    author = {Yun, Gun Jin},
    number = {May}
}

@article{Javadi2012ModellingApproach,
    title = {{Modelling stress–strain and volume change behaviour of unsaturated soils using an evolutionary based data mining technique, an incremental approach}},
    year = {2012},
    journal = {Engineering Applications of Artificial Intelligence},
    author = {Javadi, A.A. and Ahangar-Asr, A. and Johari, A. and Faramarzi, A. and Toll, D.},
    number = {5},
    month = {8},
    pages = {926--933},
    volume = {25},
    publisher = {Elsevier},
    url = {http://dx.doi.org/10.1016/j.engappai.2012.03.006 http://linkinghub.elsevier.com/retrieve/pii/S0952197612000620},
    isbn = {0952-1976},
    doi = {10.1016/j.engappai.2012.03.006},
    issn = {09521976},
    keywords = {Data mining, Evolutionary computation, Unsaturated soil}
}

@book{Szymkiewicz2013ModellingMedia,
    title = {{Modelling Water Flow in Unsaturated Porous Media}},
    year = {2013},
    author = {Szymkiewicz, Adam},
    pages = {1},
    series = {GeoPlanet: Earth and Planetary Sciences},
    volume = {9},
    publisher = {Springer Berlin Heidelberg},
    url = {http://link.springer.com/10.1007/978-3-642-23559-7},
    address = {Berlin, Heidelberg},
    isbn = {978-3-642-23558-0},
    doi = {10.1007/978-3-642-23559-7},
    issn = {21905193}
}

@article{Valdez2014ModularAlgorithms,
    title = {{Modular Neural Networks architecture optimization with a new nature inspired method using a fuzzy combination of Particle Swarm Optimization and Genetic Algorithms}},
    year = {2014},
    journal = {Information Sciences},
    author = {Valdez, Fevrier and Melin, Patricia and Castillo, Oscar},
    month = {6},
    pages = {143--153},
    volume = {270},
    publisher = {Elsevier Inc.},
    url = {http://dx.doi.org/10.1016/j.ins.2014.02.091 http://linkinghub.elsevier.com/retrieve/pii/S0020025514001972},
    doi = {10.1016/j.ins.2014.02.091},
    issn = {00200255}
}

@book{Parry2005MohrGeothechnics,
    title = {{Mohr Circles, Stress Paths and Geothechnics}},
    year = {2005},
    author = {Parry, R.H.G.},
    number = {9},
    pages = {260},
    isbn = {9788578110796},
    doi = {10.1017/CBO9781107415324.004},
    issn = {16130073},
    pmid = {25246403},
    arxivId = {arXiv:1011.1669v3},
    keywords = {Mobile, Named entity disambiguation, Natural language processing, News, Recommender system}
}

@book{Kalos2008MonteMethods,
    title = {{Monte Carlo Methods}},
    year = {2008},
    author = {Kalos, Malvin H. and Whitlock, Paula a.},
    pages = {203},
    url = {http://books.google.com/books?id=b8Xb4rBkygUC&pgis=1},
    isbn = {352740760X},
    doi = {10.1002/9783527626212},
    issn = {00319228},
    pmid = {19942445},
    arxivId = {arXiv:1011.1669v3}
}

@phdthesis{Wolff2013Multi-ScaleEffects,
    title = {{Multi-Scale Modeling of Two-Phase Flow in Porous Media Including Capillary Pressure Effects}},
    year = {2013},
    author = {Wolff, Markus}
}

@book{Barlas2014MulticoreApproach,
    title = {{Multicore and GPU Programming: An Integrated Approach}},
    year = {2014},
    author = {Barlas, Gerassimos},
    pages = {698},
    url = {https://books.google.com/books?id=ySKOAwAAQBAJ&pgis=1},
    isbn = {0124171400}
}

@book{Michaelides2015MultiphaseHandbook,
    title = {{Multiphase Flow Handbook}},
    year = {2015},
    author = {Michaelides, Efstathios E. and Crowe, Clayton T. and Schwarzkopf, John D.},
    pages = {1394},
    isbn = {9781498701006}
}

@incollection{Wu2016MultiphaseMedia,
    title = {{Multiphase Fluid and Heat Flow in Porous Media}},
    year = {2016},
    author = {Wu, Yu-Shu},
    pages = {251--264},
    publisher = {Elsevier},
    url = {http://linkinghub.elsevier.com/retrieve/pii/B9780128038482000106},
    isbn = {9780128038482},
    doi = {10.1016/B978-0-12-803848-2.00010-6}
}

@book{Efendiev2009MultiscaleMethods,
    title = {{Multiscale Finite Element Methods}},
    year = {2009},
    author = {Efendiev, Yalchin and Hou, Thomas Y.},
    pages = {xii+234},
    volume = {4},
    publisher = {Springer New York},
    url = {http://books.google.com/books?hl=en&lr=&id=VUjcizubfEQC&oi=fnd&pg=PA1&dq=Multiscale+Finite+element+methods+theory+and+applications&ots=tsrWTldfDP&sig=XYoZjwnlpQzLUTk7j1b4QWeDacw http://link.springer.com/10.1007/978-0-387-09496-0},
    address = {New York, NY},
    isbn = {978-0-387-09495-3},
    doi = {10.1007/978-0-387-09496-0}
}

@inproceedings{Pal2013MultiscaleMedia,
    title = {{Multiscale Method for Simulating Two-and Three-Phase Flow in Porous Media}},
    year = {2013},
    booktitle = {SPE Reservoir Simulation Symposium},
    author = {Pal, Mayur and Lamine, Sadok and Lie, Knut-Andreas and Krogstad, Stein},
    number = {2008},
    month = {2},
    pages = {1--14},
    volume = {m},
    publisher = {Society of Petroleum Engineers},
    url = {http://www.onepetro.org/doi/10.2118/163669-MS},
    doi = {10.2118/163669-MS}
}

@phdthesis{Hauge2010MultiscaleMedia,
    title = {{Multiscale Methods and Flow-based Gridding for Flow and Transport in Porous Media}},
    year = {2010},
    author = {Hauge, Vera Louise}
}

@inproceedings{Natvig2009MultiscaleReservoirs,
    title = {{Multiscale Mimetic Solvers for Efficient Streamline Simulation of Fractured Reservoirs}},
    year = {2009},
    booktitle = {SPE Reservoir Simulation Symposium},
    author = {Natvig, Jostein and Skaflestad, Baard and Bratvedt, Frode and Bratvedt, Kyrre and Lie, Knut-Andreas and Laptev, Vsevolod and Khataniar, Sanjoy Kumar},
    number = {4},
    month = {4},
    volume = {16},
    publisher = {Society of Petroleum Engineers},
    url = {http://www.onepetro.org/doi/10.2118/119132-MS},
    isbn = {9781605607771},
    doi = {10.2118/119132-MS},
    issn = {1086-055X}
}

@article{Aarnes2008MultiscaleGrids,
    title = {{Multiscale mixed/mimetic methods on corner-point grids}},
    year = {2008},
    journal = {Computational Geosciences},
    author = {Aarnes, Jørg E. and Krogstad, Stein and Lie, Knut-Andreas},
    number = {3},
    month = {9},
    pages = {297--315},
    volume = {12},
    url = {https://www.risikoforsk.no/project/GeoScale/papers/mimetic-report.pdf http://link.springer.com/10.1007/s10596-007-9072-8},
    doi = {10.1007/s10596-007-9072-8},
    issn = {1420-0597}
}

@book{Hair2013MultivariateAnalysis,
    title = {{Multivariate Data Analysis}},
    year = {2013},
    author = {Hair, Joseph F and Black, William C and Babin, Barry J and Anderson, Rolph E}
}

@book{Kulkarni2019NaturalRecipes,
    title = {{Natural Language Processing Recipes}},
    year = {2019},
    author = {Kulkarni, Akshay and Shivananda, Adarsha},
    isbn = {9781484242667},
    doi = {10.1007/978-1-4842-4267-4}
}

@book{Bird2019NaturalPython,
    title = {{Natural Language Processing with Python}},
    year = {2019},
    author = {Bird, Steven and Klein, Ewan and Loper, Edward},
    isbn = {9780596516499},
    doi = {10.1007/978-1-4842-4258-2{\_}7}
}

@book{Bhavsar2002NaturalCookbook,
    title = {{Natural Language Processing with Python Cookbook}},
    year = {2002},
    author = {Bhavsar, Krishna and Kumar, Naresh and Dangeti, Pratap},
    url = {http://linkinghub.elsevier.com/retrieve/pii/S0099239905606371},
    isbn = {9780596516499},
    doi = {10.1097/00004770-200204000-00018},
    issn = {00992399},
    pmid = {12043876},
    arxivId = {arXiv:1011.1669v3}
}

@book{Bhavsar2009NaturalCookbook,
    title = {{Natural Language Processing with Python Cookbook}},
    year = {2009},
    author = {Bhavsar, Krishna and Kumar, Naresh and Dangeti, Pratap},
    isbn = {9780596516499},
    doi = {10.1097/00004770-200204000-00018},
    issn = {00992399},
    pmid = {12043876},
    arxivId = {arXiv:1011.1669v3}
}

@book{Rao2019NaturalPyTorch,
    title = {{Natural Language Processing with PyTorch}},
    year = {2019},
    author = {Rao, Delip and Mcmahan, Brian},
    isbn = {9788578110796},
    doi = {10.1017/CBO9781107415324.004},
    issn = {1098-6596},
    pmid = {25246403},
    arxivId = {arXiv:1011.1669v3},
    keywords = {icle}
}

@book{Algorithms2014Nature-InspiredAlgorithms,
    title = {{Nature-Inspired Optimization Algorithms}},
    year = {2014},
    author = {Algorithms, Nature-inspired Optimization},
    publisher = {Elsevier},
    url = {http://linkinghub.elsevier.com/retrieve/pii/C20130013680},
    isbn = {9780124167438},
    doi = {10.1016/C2013-0-01368-0}
}

@book{Nylen2017NeuralPython,
    title = {{Neural Data Science: A Primer with MATLAB and Python}},
    year = {2017},
    author = {Nylen, Erik Lee},
    isbn = {9780128040430}
}

@book{Wang2015NeuralProcessing,
    title = {{Neural Information Processing}},
    year = {2015},
    author = {Wang, Yaobin and Tang, Pingping and An, Hong and Liu, Zhiqin},
    editor = {Arik, Sabri and Huang, Tingwen and Lai, Weng Kin and Liu, Qingshan},
    pages = {156--163},
    series = {Lecture Notes in Computer Science},
    volume = {9492},
    publisher = {Springer International Publishing},
    url = {http://link.springer.com/10.1007/978-3-319-26561-2},
    address = {Cham},
    isbn = {978-3-319-26560-5},
    doi = {10.1007/978-3-319-26561-2},
    keywords = {back propagation, bank conflict, gpu, locality, network density, producer-consumer}
}

@book{Hagan2014NeuralDesign,
    title = {{Neural Network Design}},
    year = {2014},
    author = {Hagan, Martin T and Beale, Mark Hudson}
}

@book{Mathworks2018NeuralGuide,
    title = {{Neural Network Toolbox Getting: Started Guide}},
    year = {2018},
    author = {{Mathworks}},
    isbn = {0471221546},
    doi = {10.1002/0471221546}
}

@book{Mathworks2018NeuralReference,
    title = {{Neural Network Toolbox: Reference}},
    year = {2018},
    author = {{Mathworks}}
}

@book{Mathworks2018NeuralGuideb,
    title = {{Neural Network Toolbox: User's Guide}},
    year = {2018},
    author = {{Mathworks}},
    url = {http://medcontent.metapress.com/index/A65RM03P4874243N.pdf%5Cnhttp://onlinelibrary.wiley.com/doi/10.1002/0471221546.fmatter_indsub/summary},
    isbn = {0471221546},
    doi = {10.1002/0471221546},
    issn = {<null>}
}

@phdthesis{Sidarta2000NeuralMaterial,
    title = {{Neural network-based constitutive modeling of granular material}},
    year = {2000},
    author = {Sidarta, Djoni Eka},
    isbn = {0612699625},
    doi = {10.16953/deusbed.74839},
    issn = {1308-0911},
    pmid = {18605031}
}

@phdthesis{Wu1991NeuralModeling,
    title = {{Neural network-based material modeling}},
    year = {1991},
    author = {Wu, Xiping},
    url = {http://search.proquest.com/docview/303917000/fulltextPDF/3D099BB572E54B5APQ/20?accountid=31970}
}

@book{Haykin2009NeuralMachines,
    title = {{Neural Networks and Learning Machines}},
    year = {2009},
    author = {Haykin, Simon},
    isbn = {9780131471399}
}

@book{Samarasinghe2007NeuralEngineering,
    title = {{Neural Networks for applied sciences and engineering}},
    year = {2007},
    author = {Samarasinghe, Sandhya}
}

@book{FigureNoTitle_2015,
    title = {{No Title No Title{\_}2015}},
    author = {Figure, Supplementary},
    number = {c},
    pages = {1--4},
    isbn = {9789004310087},
    doi = {10.15713/ins.mmj.3},
    pmid = {29982528}
}

@article{Delgoshaie2015Non-localMedia,
    title = {{Non-local formulation for multiscale flow in porous media}},
    year = {2015},
    journal = {Journal of Hydrology},
    author = {Delgoshaie, Amir H. and Meyer, Daniel W. and Jenny, Patrick and Tchelepi, Hamdi A.},
    pages = {649--654},
    volume = {531},
    publisher = {Elsevier B.V.},
    url = {http://dx.doi.org/10.1016/j.jhydrol.2015.10.062},
    doi = {10.1016/j.jhydrol.2015.10.062},
    issn = {00221694},
    keywords = {Darcy's law, Flow bypassing, Multiscale flow, Non-local effects, Single phase flow}
}

@book{Chen1990NonlinearMechanics,
    title = {{Nonlinear analysis in soil mechanics}},
    year = {1990},
    author = {Chen, Wai-Fah W.F. and Mizuno, Eiji},
    publisher = {Elsevier Amsterdam},
    isbn = {0444430431}
}

@book{Chen1990NonlinearImplementatin,
    title = {{Nonlinear analysis in soil mechanics, Theory and Implementatin}},
    year = {1990},
    author = {Chen, Wai-Fah and Mizuno, E}
}

@misc{Holzapfel2000NonlinearEngineering,
    title = {{Nonlinear Solid Mechanics A Continuum Approach for Engineering}},
    year = {2000},
    author = {Holzapfel, Gerhard A.}
}

@article{Mikelic2014NumericalGeomechanics,
    title = {{Numerical convergence study of iterative coupling for coupled flow and geomechanics}},
    year = {2014},
    journal = {Computational Geosciences},
    author = {Mikeli{\'{c}}, Andro and Wang, Bin and Wheeler, Mary F.},
    number = {3-4},
    month = {8},
    pages = {325--341},
    volume = {18},
    url = {http://link.springer.com/10.1007/s10596-013-9393-8},
    isbn = {3342623454},
    doi = {10.1007/s10596-013-9393-8},
    issn = {1420-0597},
    keywords = {Compositional flow, Contraction mapping, Iterative coupling, Multipoint flux mixed finite element method, Poroelasticity}
}

@book{Esfandiari2017NumericalMATLAB,
    title = {{Numerical Methods for Engineers and Scientists using MATLAB}},
    year = {2017},
    author = {Esfandiari, Ramin S.},
    isbn = {9781498777421}
}

@book{Mazumder2016NumericalMethods,
    title = {{Numerical Methods for Partial Differential Equations: Finite Difference and Finite Volume Methods}},
    year = {2016},
    author = {Mazumder, Sandip},
    issn = {15739686},
    pmid = {25138163}
}

@book{Gupta2014NumericalMATLAB,
    title = {{Numerical Methods using MATLAB}},
    year = {2014},
    author = {Gupta, Abhishek K},
    pages = {2014},
    publisher = {Apress},
    url = {http://link.springer.com/10.1007/978-1-4842-0154-1},
    address = {Berkeley, CA},
    isbn = {978-1-4842-0155-8},
    doi = {10.1007/978-1-4842-0154-1}
}

@book{Lindfield2012NumericalMATLAB,
    title = {{Numerical methods: using MATLAB}},
    year = {2012},
    author = {Lindfield, George and Penny, John},
    isbn = {9780123869425}
}

@phdthesis{Obrzud2009NumericalTests,
    title = {{Numerical Modeling and Neural Networks to Identify Constitutive Parameters from In Situ Tests}},
    year = {2009},
    author = {Obrzud, Rafal F},
    volume = {4457},
    doi = {10.5075/epfl-thesis-4457},
    keywords = {Modified Cam Clay model, back analysis, elasto-plastic model calibration, finite element modeling, hydro-mechanical coupling, neural networks, optimization, parameter identification, piezocone testing, principal component analysis, self-boring pressuremeter testing, soft clay deposits, soil profiling}
}

@book{Press2007NumericalRecipes,
    title = {{Numerical Recipes}},
    year = {2007},
    author = {Press, William H},
    isbn = {9780521880688}
}

@book{Mathworks2018Object-OrientedProgramming,
    title = {{Object-Oriented Programming}},
    year = {2018},
    author = {{Mathworks}},
    url = {https://www.mathworks.com/help/pdf_doc/matlab/matlab_oop.pdf}
}

@article{Zhou2006OperatorFlow,
    title = {{Operator Based Multiscale Method for Compressible Flow}},
    year = {2006},
    author = {Zhou, Hui},
    number = {June}
}

@incollection{Mendivil2008OptimizationAlgorithms,
    title = {{Optimization of Artificial Neural Network Architectures for Time Series Prediction Using Parallel Genetic Algorithms}},
    year = {2008},
    booktitle = {Soft Computing for Hybrid Intelligent Systems},
    author = {Mendivil, Salvador González and Castillo, Oscar and Melin, Patricia},
    pages = {387--399},
    publisher = {Springer Berlin Heidelberg},
    url = {http://link.springer.com/10.1007/978-3-540-70812-4_23},
    address = {Berlin, Heidelberg},
    doi = {10.1007/978-3-540-70812-4{\_}23}
}

@inproceedings{Islam2014OptimizationForecasting,
    title = {{Optimization of neural network architecture using genetic algorithm for load forecasting}},
    year = {2014},
    booktitle = {2014 5th International Conference on Intelligent and Advanced Systems (ICIAS)},
    author = {Islam, Badar ul and Baharudin, Zuhairi and Raza, Muhammad Qamar and Nallagownden, Perumal},
    month = {6},
    pages = {1--6},
    publisher = {IEEE},
    url = {http://ieeexplore.ieee.org/lpdocs/epic03/wrapper.htm?arnumber=6869528},
    isbn = {978-1-4799-4653-2},
    doi = {10.1109/ICIAS.2014.6869528},
    keywords = {artificial neural network, genetic algorithm, multilayer perceptron neural, neural network topology}
}

@inproceedings{Zarth2009OptimizationMethodology,
    title = {{Optimization of Neural Networks Weights and Architecture: A Multimodal Methodology}},
    year = {2009},
    booktitle = {2009 Ninth International Conference on Intelligent Systems Design and Applications},
    author = {Zarth, Antonio Miguel F and Ludermir, Teresa B},
    pages = {209--214},
    publisher = {IEEE},
    url = {http://ieeexplore.ieee.org/document/5364779/},
    isbn = {978-1-4244-4735-0},
    doi = {10.1109/ISDA.2009.90}
}

@article{Chang2012OptimizationPrediction,
    title = {{Optimization the Initial Weights of Artificial Neural Networks via Genetic Algorithm Applied to Hip Bone Fracture Prediction}},
    year = {2012},
    journal = {Advances in Fuzzy Systems},
    author = {Chang, Yu-Tzu and Lin, Jinn and Shieh, Jiann-Shing and Abbod, Maysam F.},
    pages = {1--9},
    volume = {2012},
    url = {http://www.hindawi.com/journals/afs/2012/951247/},
    isbn = {1687-7101},
    doi = {10.1155/2012/951247},
    issn = {1687-7101}
}

@article{Aljarah2018OptimizingAlgorithm,
    title = {{Optimizing connection weights in neural networks using the whale optimization algorithm}},
    year = {2018},
    journal = {Soft Computing},
    author = {Aljarah, Ibrahim and Faris, Hossam and Mirjalili, Seyedali},
    number = {1},
    month = {1},
    pages = {1--15},
    volume = {22},
    publisher = {Springer Berlin Heidelberg},
    url = {http://link.springer.com/10.1007/s00500-016-2442-1},
    isbn = {1432-7643},
    doi = {10.1007/s00500-016-2442-1},
    issn = {1432-7643},
    keywords = {Evolutionary algorithm, MLP, Multilayer perceptron, Optimization, Training neural network, WOA, Whale optimization algorithm}
}

@book{English2006OxfordEnglish,
    title = {{Oxford Phrasal Verbs Dictionary for Learners of English}},
    year = {2006},
    author = {English, British}
}

@book{Gairns2011OxfordAdvanced,
    title = {{Oxford Word Skills: Idioms and Phrasal Verbs Advanced}},
    year = {2011},
    author = {Gairns, Ruth and Redman, Stuart}
}

@book{Petrou2017PandasCookbook,
    title = {{Pandas Cookbook}},
    year = {2017},
    author = {Petrou, Theodore},
    pages = {534},
    url = {http://jvns.ca/blog/2013/12/22/cooking-with-pandas/},
    isbn = {9781784393878}
}

@book{Mathworks2018ParallelGuide,
    title = {{Parallel Computing Toolbox: User's Guide}},
    year = {2018},
    author = {{Mathworks}}
}

@phdthesis{Zhou2012ParallelFulfillme,
    title = {{Parallel General-Purpose Reservoir Simulation With Coupled Reservoir Models and Multisegment Wells a Dissertation Submitted To the Department of Energy Resources Engineering and the Committee on Graduate Studies of Stanford University in Partial Fulfillme}},
    year = {2012},
    author = {Zhou, Yifan}
}

@incollection{Cardenas2010ParallelRecognition,
    title = {{Parallel Genetic Algorithms for Architecture Optimization of Neural Networks for Pattern Recognition}},
    year = {2010},
    author = {C{\'{a}}rdenas, Martha and Melin, Patricia and Cruz, Laura},
    pages = {303--315},
    publisher = {Soft Computing for Recognition Based on Biometrics},
    url = {http://link.springer.com/10.1007/978-3-642-15111-8_19},
    doi = {10.1007/978-3-642-15111-8{\_}19}
}

@article{Manea2015ParallelModels,
    title = {{Parallel Multiscale Linear Solver for Highly Detailed Reservoir Models}},
    year = {2015},
    journal = {SPE Reservoir Simulation Symposium},
    author = {Manea, A. M. and Sewall, J. and Tchelepi, H. A.},
    number = {February},
    pages = {23--25},
    url = {http://www.onepetro.org/doi/10.2118/173259-MS},
    isbn = {9781510800618},
    doi = {10.2118/173259-MS}
}

@book{Czarnul2018ParallelSystems,
    title = {{Parallel Programming for Modern High Performance Computing Systems}},
    year = {2018},
    author = {Czarnul, Paweł},
    isbn = {9781138305953}
}

@book{Farber2017ParallelOpenACC,
    title = {{Parallel Programming with OpenACC}},
    year = {2017},
    author = {Farber, Rob},
    isbn = {9780124103979}
}

@book{Trobec2015ParallelMethods,
    title = {{Parallel Scientific Computing Theory , Algorithms , and Applications of Mesh Based and Meshless Methods}},
    year = {2015},
    author = {Trobec, Roman},
    isbn = {9783319170725}
}

@article{Ng2008ParticleEllipsoids,
    title = {{Particle Shape Effect on Macro-and Micro Behaviours of Monodisperse Ellipsoids}},
    year = {2008},
    journal = {International Journal for Numerical and Analytical Methods in Geomechanics},
    author = {Ng, Tang-tat},
    number = {March 2007},
    pages = {189--213},
    volume = {32},
    isbn = {2452006122},
    doi = {10.1002/nag},
    issn = {03639061},
    arxivId = {10.1002/nag.2347},
    keywords = {element method, excavation, finite, genetic algorithms, inverse analysis, objective function, parameter identification, pressuremeter test}
}

@article{AbdullHamed2008ParticleEnhancement,
    title = {{Particle Swarm Optimization For Neural Network Learning Enhancement}},
    year = {2008},
    journal = {Jurnal Teknologi},
    author = {Abdull Hamed, Haza Nuzly and Shamsuddin, Siti Mariyam and Salim, Naomie},
    number = {1},
    month = {12},
    volume = {49},
    url = {http://www.jurnalteknologi.utm.my/index.php/jurnalteknologi/article/view/194},
    doi = {10.11113/jt.v49.194},
    issn = {2180-3722}
}

@inproceedings{Carvalho2007ParticleAndWeights,
    title = {{Particle Swarm Optimization of Neural Network Architectures andWeights}},
    year = {2007},
    booktitle = {7th International Conference on Hybrid Intelligent Systems (HIS 2007)},
    author = {Carvalho, Marcio and Ludermir, Teresa B},
    month = {9},
    pages = {336--339},
    publisher = {IEEE},
    url = {http://ieeexplore.ieee.org/document/4344074/},
    isbn = {0-7695-2946-1},
    doi = {10.1109/HIS.2007.45}
}

@book{Mathworks2018PDEGuide,
    title = {{PDE Toolbox: User's Guide}},
    year = {2018},
    author = {{Mathworks}},
    isbn = {0-9717321-0-8}
}

@book{Economides1993PetroleumSystems,
    title = {{Petroleum Production Systems}},
    year = {1993},
    author = {Economides, Michael and Hill, Daniel and Ehlig-Economides, Christine},
    isbn = {0849382246},
    doi = {10.1036/0071425799}
}

@book{Fjar2008PetroleumMechanics,
    title = {{Petroleum related rock mechanics}},
    year = {2008},
    author = {Fjar, Erling and Holt, Rachel M and Raaen, A M and Risnes, Rasmus and Horsrud, P},
    volume = {53},
    publisher = {Elsevier},
    isbn = {0080557090}
}

@book{Ezekwe2010PetroleumPractice,
    title = {{Petroleum Reservoir Engineering Practice}},
    year = {2010},
    author = {Ezekwe, Nnaemeka},
    isbn = {9780137152834}
}

@book{Aziz1979PetroleumSimulation,
    title = {{Petroleum reservoir simulation}},
    year = {1979},
    author = {Aziz, Khalid and Settari, Antonin},
    url = {http://www.getcited.org/pub/102020605},
    isbn = {0-85334-787-5},
    keywords = {aVe4eVa}
}

@book{Abou-Kassem2013PetroleumSimulations,
    title = {{Petroleum Reservoir Simulations}},
    year = {2013},
    author = {Abou-Kassem, Jamal Hussein and Farouq-Ali, S M and Islam, M Rafiq},
    publisher = {Elsevier},
    isbn = {0127999744}
}

@book{Aadny2011PetroleumMechanics,
    title = {{Petroleum Rock Mechanics}},
    year = {2011},
    author = {Aadn{\o}y, Bernt and Looyeh, Reza},
    url = {http://www.sciencedirect.com/science/article/pii/B9780123855466000164%5Cnhttp://www.sciencedirect.com/science/article/pii/B9780123855466000139%5Cnhttp://www.sciencedirect.com/science/article/pii/B9780123855466000073%5Cnhttp://www.sciencedirect.com/science},
    isbn = {9780123855466},
    doi = {10.1016/B978-0-12-385546-6.00010-3},
    issn = {09204105}
}

@book{Davis2002PlasticityGeomechanics,
    title = {{Plasticity and Geomechanics}},
    year = {2002},
    author = {Davis, R and Selvadurai, A}
}

@book{Pearson2001PocketDictionary,
    title = {{Pocket Phrasal Verbs Dictionary}},
    year = {2001},
    author = {{Pearson}}
}

@book{Cheng2016Poroelasticity,
    title = {{Poroelasticity}},
    year = {2016},
    author = {Cheng, Alexander H.-D.},
    series = {Theory and Applications of Transport in Porous Media},
    volume = {27},
    publisher = {Springer International Publishing},
    url = {http://link.springer.com/10.1007/978-3-319-25202-5},
    address = {Cham},
    isbn = {978-3-319-25200-1},
    doi = {10.1007/978-3-319-25202-5}
}

@book{Coussy2004Poromechanics,
    title = {{Poromechanics}},
    year = {2004},
    author = {Coussy, Olivier},
    pages = {298},
    url = {http://onlinelibrary.wiley.com/doi/10.1002/cbdv.200490137/abstract},
    isbn = {0470849207},
    doi = {10.1002/0470092718}
}

@book{Simpson2016PracticalMatlab,
    title = {{Practical finite element modelling in earth science using matlab}},
    year = {2016},
    author = {Simpson, Guy},
    pages = {215},
    isbn = {3175723993}
}

@article{Gollapudi2016PracticalLearning,
    title = {{Practical Machine Learning}},
    year = {2016},
    author = {Gollapudi, Sunila},
    pages = {92},
    isbn = {9781784399689}
}

@book{Tripathi2016PracticalCookbook,
    title = {{Practical Machine Learning Cookbook}},
    year = {2016},
    author = {Tripathi, Atul}
}

@book{Tripathi2017PracticalCookbook,
    title = {{Practical Machine Learning Cookbook}},
    year = {2017},
    author = {Tripathi, Atul},
    isbn = {9781785280511}
}

@book{Sarkar2018PracticalPython,
    title = {{Practical Machine Learning with Python}},
    year = {2018},
    author = {Sarkar, Dipanjan and Bali, Raghav and Sharma, Tushar},
    pages = {530},
    publisher = {Apress},
    url = {https://doi.org/10.1007/978-1-4842-3207-1 http://link.springer.com/10.1007/978-1-4842-3207-1},
    address = {Berkeley, CA},
    isbn = {978-1-4842-3206-4},
    doi = {10.1007/978-1-4842-3207-1},
    issn = {9781491964606}
}

@book{Ritchie2016Practical2015,
    title = {{Practical Microsoft Visual Studio 2015}},
    year = {2016},
    author = {Ritchie, Peter},
    isbn = {9781484223123}
}

@book{Carlson2006PracticalResults,
    title = {{Practical reservoir simulation : using, assessing, and developing results}},
    year = {2006},
    author = {Carlson, M.R.},
    isbn = {9780878148035}
}

@book{Yates2012PracticeConversation,
    title = {{Practice Makes Perfect: English Conversation}},
    year = {2012},
    author = {Yates, Jean}
}

@book{Swick2009PracticeBuilder,
    title = {{Practice Makes Perfect: English Sentence Builder}},
    year = {2009},
    author = {Swick, Ed}
}

@book{ProjectManagementInstitute2011PracticeManagement,
    title = {{Practice standard for earned value management}},
    year = {2011},
    author = {{Project Management Institute}},
    isbn = {9781935589358}
}

@book{Barga2016PredictievLearning,
    title = {{Predictiev Analytics with Microsoft Azure Machine Learning}},
    year = {2016},
    author = {Barga, Roger}
}

@article{Rashidian2013PredictingNetwork,
    title = {{Predicting the Shear Behavior of Cemented and Uncemented Carbonate Sands Using a Genetic Algorithm-Based Artificial Neural Network}},
    year = {2013},
    journal = {Geotechnical and Geological Engineering},
    author = {Rashidian, Vahid and Hassanlourad, Mahmoud},
    number = {4},
    pages = {1231--1248},
    volume = {31},
    isbn = {0960-3182},
    doi = {10.1007/s10706-013-9646-2},
    issn = {09603182},
    keywords = {Artificial Neural Network, Carbonate sand, Genetic Algorithm, Modeling, Shear behavior}
}

@book{Mathworks2018Primer,
    title = {{Primer}},
    year = {2018},
    author = {{Mathworks}}
}

@book{Han2015PrinciplesImprovement,
    title = {{Principles and Practices of Ground Improvement}},
    year = {2015},
    author = {Han, Jie}
}

@book{Fanchi2005PrinciplesSimulation,
    title = {{Principles of applied reservoir simulation}},
    year = {2005},
    author = {Fanchi, John R},
    publisher = {Gulf Professional Publishing},
    isbn = {0080460453}
}

@book{Sokolowski2009PrinciplesSimulation,
    title = {{Principles of Modeling and Simulation}},
    year = {2009},
    author = {Sokolowski, John A and Banks, Catherine M},
    isbn = {9780470289433}
}

@book{Pattanayak2017ProTensorFlow,
    title = {{Pro Deep Learning with TensorFlow}},
    year = {2017},
    author = {Pattanayak, Santanu},
    pages = {708--717},
    url = {http://link.springer.com/10.1007/978-3-319-60438-1_69%0Ahttp://link.springer.com/10.1007/978-1-4842-3096-1},
    isbn = {978-1-4842-3095-4},
    doi = {10.1007/978-1-4842-3096-1}
}

@book{Rethati1989ProbabilisticGeotechnics,
    title = {{Probabilistic solutions in geotechnics}},
    year = {1989},
    author = {Rethati, L.},
    number = {2},
    pages = {334--334},
    volume = {26},
    url = {http://dx.doi.org/10.1139/t89-047},
    isbn = {0444989609},
    doi = {10.1139/t89-047},
    issn = {0008-3674}
}

@book{Ljubuncic2015Problem-solvingLinux,
    title = {{Problem-solving in High Performance Computing A Situational Awareness Approach with Linux}},
    year = {2015},
    author = {Ljubuncic, Igor},
    url = {http://www.sciencedirect.com/science/article/pii/B9780128010198000076}
}

@book{Sanchez2005ProblemasMatlab,
    title = {{Problemas de C{\'{a}}lculo Num{\'{e}}rico para ingenieros con aplicaciones Matlab}},
    year = {2005},
    author = {S{\'{a}}nchez, J M S and Iglesias, a S},
    isbn = {8448129512}
}

@book{Mathworks2018ProgrammingFundamentals,
    title = {{Programming Fundamentals}},
    year = {2018},
    author = {{Mathworks}}
}

@book{Mongan2018ProgrammingExposed,
    title = {{Programming Interviews Exposed}},
    year = {2018},
    author = {Mongan, John and Kindler, Noah and Gigu{\`{e}}re, Eric}
}

@book{Kirk2013ProgrammingProcessors,
    title = {{Programming Massively Parallel Processors}},
    year = {2013},
    author = {Kirk, David B. and Hwu, Wen-mei W.},
    keywords = {icle}
}

@book{Smith2014ProgrammingMethod,
    title = {{Programming the Finite Element Method}},
    year = {2014},
    author = {Smith, I M and Griffiths, D V and Margetts, Lee}
}

@book{Vothihong2016PythonAnalysis,
    title = {{Python : End-to-end Data Analysis}},
    year = {2016},
    author = {Vothihong, Phuong and Czygan, Martin and Idris, Ivan and Persson, Magnus Vilhelm and Martins, Luiz Felipe},
    pages = {911},
    isbn = {9781788394697}
}

@book{Matthes2015PythonProgramming,
    title = {{Python crash course : a hands-on, project-based introduction to programming}},
    year = {2015},
    author = {Matthes, Eric},
    volume = {95},
    isbn = {9781593276034}
}

@book{Boschetti2014PythonEssentials,
    title = {{Python Data Science Essentials}},
    year = {2014},
    author = {Boschetti, A. and Massaron, Luca},
    number = {1},
    pages = {1--5},
    isbn = {9780874216561},
    doi = {10.1007/s13398-014-0173-7.2},
    issn = {0717-6163},
    pmid = {15003161},
    arxivId = {arXiv:1011.1669v3},
    keywords = {Bott}
}

@book{VanderPlas2017PythonHandbook,
    title = {{Python Data Science Handbook}},
    year = {2017},
    author = {VanderPlas, Jake},
    pages = {548},
    isbn = {9781491912058},
    doi = {10.1017/CBO9781107415324.004},
    issn = {1098-6596},
    pmid = {25246403},
    arxivId = {arXiv:1011.1669v3}
}

@book{Mckinney2018PythonAnalysis,
    title = {{Python for Data Analysis}},
    year = {2018},
    author = {Mckinney, Wes},
    isbn = {9781449319793},
    keywords = {icle}
}

@book{Deitel2002PythonProgram,
    title = {{Python How to Program}},
    year = {2002},
    author = {Deitel, Paul and Deitel, Harvey}
}

@book{Raschka2016PythonLearning,
    title = {{Python Machine Learning}},
    year = {2016},
    author = {Raschka, Sebastian}
}

@book{Thanaki2017PythonProcessing,
    title = {{Python Natural Language Processing}},
    year = {2017},
    author = {Thanaki, Jalaj},
    isbn = {9781787121423}
}

@book{Thanaki2008PythonProcessing,
    title = {{Python Natural Language Processing}},
    year = {2008},
    author = {Thanaki, Jalaj},
    isbn = {9781787121423},
    doi = {10.1108/eb026601},
    issn = {0022-0418}
}

@article{Puri2011PythonExample,
    title = {{Python scripts for Abaqus: Learn by example}},
    year = {2011},
    author = {Puri, Gautam}
}

@book{Sweigert2015Python:Stuff,
    title = {{Python: Automate the Boring Stuff}},
    year = {2015},
    author = {Sweigert, Al},
    pages = {505},
    url = {https://automatetheboringstuff.com/},
    isbn = {9781593275990},
    doi = {NASA/SP-2007-6105Rev1},
    issn = {1860-0832},
    pmid = {10944742},
    arxivId = {arXiv:1011.1669v3},
    keywords = {Python, Task automation}
}

@article{Joshi2016Python:Learning,
    title = {{Python: Real World Machine Learning}},
    year = {2016},
    author = {Joshi, Prateek and Hearty, John and Sjardin, Bastiaan and Massaron, Luca and Boschetti, Alberto},
    pages = {983},
    url = {https://www.amazon.com/Python-Real-World-Machine-Learning-ebook/dp/B01N74UY6B/ref=sr_1_1?s=digital-text&ie=UTF8&qid=1499941783&sr=1-1&keywords=Python.+Real+World+Machine+Learning%0Ahttp://hym-2017.corpuscodea.es/pdf/Prateek Joshi et alii - Python. Real Wo},
    isbn = {978-1-78712-321-2}
}

@book{Chin2002QuantitativeEngineering,
    title = {{Quantitative Methods in Reservoir Engineering}},
    year = {2002},
    author = {Chin, W C},
    series = {Chemical, Petrochemical {\&} Process},
    publisher = {Gulf Professional Pub.},
    url = {https://books.google.com.co/books?id=YY-ZBqtnqrIC},
    isbn = {9780750675680}
}

@book{Brink2017RealLearning,
    title = {{Real World Machine Learning}},
    year = {2017},
    author = {Brink, Henrik and Richards, Joseph W and Fetherolf, Mark},
    pages = {266},
    isbn = {9781617291920}
}

@book{Vinuela2004RedesArtificiales,
    title = {{Redes de Neuronas Artificiales}},
    year = {2004},
    author = {Vi{\~{n}}uela, Pedro Isasi}
}

@book{Herbrich2015RegularizationMachines,
    title = {{Regularization, Optimization, Kernels, and Support Vector Machines}},
    year = {2015},
    author = {Herbrich, Ralf},
    isbn = {9781482241402}
}

@book{vanOtterloeds2012ReinforcementLearning,
    title = {{Reinforcement Learning}},
    year = {2012},
    author = {van Otterlo eds, Marco Wiering and Martijn},
    editor = {Wiering, Marco and van Otterlo, Martijn},
    pages = {1--653},
    series = {Adaptation, Learning, and Optimization},
    volume = {12},
    publisher = {Springer Berlin Heidelberg},
    url = {papers2://publication/uuid/C37F7A7E-9ACA-4FA5-B3FF-32F75622EE8E http://link.springer.com/10.1007/978-3-642-27645-3},
    address = {Berlin, Heidelberg},
    isbn = {978-3-642-27644-6},
    doi = {10.1007/978-3-642-27645-3}
}

@book{Baecher2003ReliabilityEngineering,
    title = {{Reliability and Statistics in Geotechnical Engineering}},
    year = {2003},
    author = {Baecher, Gregory B. and Christian, John T.}
}

@book{AbdusSatter2015ReservoirEngineering,
    title = {{Reservoir Engineering}},
    year = {2015},
    author = {{Abdus Satter} and Iqbal, Ghulam M.},
    pages = {995},
    isbn = {9780128002193},
    doi = {10.1016/B978-0-08-098206-9.00004-X},
    keywords = {apo geothermal production field, dual porosity, geothermal, minc, mt, reservoir simulation}
}

@book{Chin2016ReservoirOilfields,
    title = {{Reservoir Engineering in Modern Oilfields}},
    year = {2016},
    author = {Chin, Wilson},
    isbn = {9781119283782}
}

@book{Zoback2007ReservoirGeomechanics,
    title = {{Reservoir Geomechanics}},
    year = {2007},
    author = {Zoback, Mark D.},
    keywords = {icle}
}

@book{Chen1994ReservoirSimulation,
    title = {{Reservoir Simulation}},
    year = {1994},
    author = {Chen, Zhangxin},
    isbn = {9780898716405}
}

@book{Mattax1990ReservoirSimulation,
    title = {{Reservoir Simulation}},
    year = {1990},
    author = {Mattax, Calvin and Dalton, Robert}
}

@article{Gevrey2003ReviewModels,
    title = {{Review and comparison of methods to study the contribution of variables in artificial neural network models}},
    year = {2003},
    journal = {Ecological Modelling},
    author = {Gevrey, Muriel and Dimopoulos, Ioannis and Lek, Sovan},
    number = {3},
    month = {2},
    pages = {249--264},
    volume = {160},
    url = {http://linkinghub.elsevier.com/retrieve/pii/S0304380002002570},
    isbn = {0304-3800},
    doi = {10.1016/S0304-3800(02)00257-0},
    issn = {03043800},
    keywords = {Artificial neural networks, Backpropagation, Habitat modelling, Non-linear relationships, Partial derivatives, Perturbation, Sensitivity analysis, Trout, Variables contribution}
}

@article{Kim2013RigorousCapillarity,
    title = {{Rigorous Coupling of Geomechanics and Multiphase Flow With Strong Capillarity}},
    year = {2013},
    journal = {SPE Journal},
    author = {Kim, J and Tchelepi, H A and Juanes, R},
    number = {December},
    pages = {1123--1139},
    isbn = {9781555633240},
    doi = {10.2118/141268-PA},
    issn = {1086-055X}
}

@book{Derski2012RockMechanics,
    title = {{Rock and soil mechanics}},
    year = {2012},
    author = {Derski, W and Izbicki, R and Kisiel, I and Mr{\'{o}}z, Z},
    volume = {48},
    publisher = {Elsevier},
    isbn = {0444596984}
}

@book{Li2018RockboltingApplications,
    title = {{Rockbolting : principles and applications}},
    year = {2018},
    author = {Li, Charlie Chunlin},
    isbn = {9780128499009}
}

@article{Maurya2012RunningEdition,
    title = {{Running Lean, Second Edition}},
    year = {2012},
    author = {Maurya, Ash},
    pages = {1--238},
    url = {papers2://publication/uuid/EFAFA3E5-3A02-46CF-93C9-A89453842210}
}

@book{Maurya2014RunningFunciona,
    title = {{Running Lean: C{\'{o}}mo iterar de un plan A a un plan que funciona}},
    year = {2014},
    author = {Maurya, Ash},
    isbn = {9781449305178}
}

@book{Kay1988SchaumsCalculus,
    title = {{Schaums Outline of Tensor Calculus}},
    year = {1988},
    author = {Kay, David}
}

@book{Xue2016ScientificMATLAB,
    title = {{Scientific Computing with MATLAB}},
    year = {2016},
    author = {Xue, Dingyü},
    isbn = {9781498757782}
}

@book{Fuhrer2016Scientific3,
    title = {{Scientific Computing with Python 3}},
    year = {2016},
    author = {F{\"{u}}hrer, Claus},
    isbn = {9781786463517}
}

@book{Day2011ScientificProfessionals,
    title = {{Scientific English: A Guide for Scientists and Other Professionals}},
    year = {2011},
    author = {Day, Robert A. and Sakaduski, Nancy}
}

@book{Avila2017Scikit-learnScikit-learn,
    title = {{Scikit-learn Cookbook: Over 80 recipes for machine learning in Python with scikit-learn}},
    year = {2017},
    author = {Avila, Julian and Hauck, Trent},
    pages = {386},
    isbn = {978-1-78398-948-5}
}

@book{Yeung2010SensitivityNetworks,
    title = {{Sensitivity Analysis for Neural Networks}},
    year = {2010},
    author = {Yeung, Daniel S. and Cloete, Ian and Shi, Daming and Ng, Wing W. Y.},
    series = {Natural Computing Series},
    publisher = {Springer Berlin Heidelberg},
    url = {http://link.springer.com/10.1007/978-3-642-02532-7},
    address = {Berlin, Heidelberg},
    isbn = {978-3-642-02531-0},
    doi = {10.1007/978-3-642-02532-7}
}

@book{Baban2016ShallowSolving,
    title = {{Shallow Foundations: Discussions and Problem Solving}},
    year = {2016},
    author = {Baban, Tharwat M.}
}

@article{Chen2010SimulationNetworks,
    title = {{Simulation of stress-strain behavior of saturated sand in undrained triaxial tests based on genetic adaptive neural networks}},
    year = {2010},
    journal = {Electronic Journal of Geotechnical Engineering},
    author = {Chen, Yie-Ruey and Hsieh, Shun-Chieh and Liu, Chin-Hung},
    number = {Q},
    pages = {1815--1834},
    volume = {15},
    publisher = {Electronic Journal of Geotechnical Engineering}
}

@book{LeeW.Abramson2002SlopeMethods,
    title = {{Slope stability and stabilization methods}},
    year = {2002},
    author = {{Lee W. Abramson}}
}

@book{Wood1990SoilMechanics,
    title = {{Soil Behaviour and Critical State Soil Mechanics}},
    year = {1990},
    author = {Wood, David Muir},
    url = {Behaviour_and_Critical_State_Soil_M.html?id=CBVVG1zzjjEC&redir_esc=y}
}

@book{Powrie2014SoilMechanics,
    title = {{Soil Mechanics}},
    year = {2014},
    author = {Powrie, William}
}

@book{MuniBudhu2011SoilFoundations,
    title = {{Soil mechanics and foundations}},
    year = {2011},
    author = {{Muni Budhu} and Budhu, Muni},
    isbn = {9780470556849}
}

@book{Kaliakin2017SoilMethods,
    title = {{Soil Mechanics Calculations, Principles, and Methods}},
    year = {2017},
    author = {Kaliakin, Victor N.},
    isbn = {9780128044919}
}

@article{Terzaghi1996SoilPractice,
    title = {{Soil Mechanics in Engineering Practice}},
    year = {1996},
    author = {Terzaghi, Karl and Peck, Ralph B and Mesri, G}
}

@book{Kalinski2011SoilManual,
    title = {{Soil Mechanics Lab manual}},
    year = {2011},
    author = {Kalinski, M.E.}
}

@book{Das2002SoilManual,
    title = {{Soil Mechanics Laboratory Manual}},
    year = {2002},
    author = {Das, Braja},
    isbn = {0195150465},
    arxivId = {arXiv:1011.1669v3}
}

@book{Wood2009SoilIntroduction,
    title = {{Soil mechanics: a one-dimensional introduction}},
    year = {2009},
    author = {Wood, DM}
}

@book{Chen1985SoilImplementation,
    title = {{Soil plasticity Theory and Implementation}},
    year = {1985},
    author = {Chen, W F and Baladi, G Y},
    isbn = {9781845933722},
    doi = {10.1016/B978-0-444-42455-6.50002-5}
}

@book{Carter2016SoilCorrelations,
    title = {{Soil properties and their correlations}},
    year = {2016},
    author = {Carter, Michael and Bentley, Stephen P.},
    isbn = {9789004310087},
    doi = {10.15713/ins.mmj.3},
    pmid = {29982528}
}

@book{Duncan2014SoilStability,
    title = {{Soil Strength and Slope Stability}},
    year = {2014},
    author = {Duncan, James Michael and Wright, Stephen G and Brandon, Thomas L},
    keywords = {Slopes (Soil mechanics)}
}

@book{Langtangen2016SolvingI,
    title = {{Solving PDEs in Python The FEniCS Tutorial I}},
    year = {2016},
    author = {Langtangen, Hans Petter and Logg, Anders},
    publisher = {Springer International Publishing},
    url = {http://link.springer.com/10.1007/978-3-319-52462-7},
    address = {Cham},
    isbn = {978-3-319-52461-0},
    doi = {10.1007/978-3-319-52462-7}
}

@article{Torp2009SparseGPU,
    title = {{Sparse linear algebra on a GPU}},
    year = {2009},
    author = {Torp, Audun},
    number = {June}
}

@book{Mathworks2018SpreadsheetGuide,
    title = {{Spreadsheet Link: User's Guide}},
    year = {2018},
    author = {{Mathworks}}
}

@book{Gupta2003StaticNetworks,
    title = {{Static and Dynamic Neural Networks}},
    year = {2003},
    author = {Gupta, Madan M.},
    isbn = {3175723993}
}

@book{Sun2002StochasticMedia,
    title = {{Stochastic Methods for Flow in Porous Media}},
    year = {2002},
    author = {Sun, Min},
    publisher = {Blackwell Publishing Ltd.}
}

@book{Elsoufiev2010StrengthGeomechanics,
    title = {{Strength Analysis in Geomechanics}},
    year = {2010},
    author = {Elsoufiev, Serguey A.},
    pages = {313},
    series = {Springer Series in Geomechanics and Geoengineering},
    publisher = {Springer Berlin Heidelberg},
    url = {http://link.springer.com/10.1007/978-3-642-01301-0},
    address = {Berlin, Heidelberg},
    isbn = {978-3-642-01300-3},
    doi = {10.1007/978-3-642-01301-0},
    issn = {1866-8755},
    pmid = {32821264}
}

@article{Garga2006Stress-pathCrust,
    title = {{Stress-path dependent behavior of a weathered clay crust}},
    year = {2006},
    journal = {Geotechnical and Geological Engineering},
    author = {Garga, Vinod K. and Khan, Mahbubul A. and Vanapalli, Sai K.},
    number = {6},
    month = {12},
    pages = {1481--1509},
    volume = {24},
    url = {http://link.springer.com/10.1007/s10706-005-2635-3},
    isbn = {1070600526353},
    doi = {10.1007/s10706-005-2635-3},
    issn = {0960-3182},
    keywords = {Laboratory tests, Over consolidated soil, Strength-anisotropy, Stress-path, Weathered crust, Yielding, in situ stress-anisotropy}
}

@book{Yang2013SwarmComputation,
    title = {{Swarm Intelligence and Bio-Inspired Computation}},
    year = {2013},
    author = {Yang, Xin-She and Cui, Zhihua and Xiao, Renbin and Gandomi, Amir Hossein and Karamanoglu, Mehmet},
    publisher = {Elsevier},
    url = {http://linkinghub.elsevier.com/retrieve/pii/C20120027548},
    isbn = {9780124051638},
    doi = {10.1016/C2012-0-02754-8}
}

@book{Kiranyaz2014SwarmAnd,
    title = {{Swarm Optimization for Machine Learning and}},
    year = {2014},
    author = {Kiranyaz, Serkan and Ince, Turker and Gabbouj, Moncef},
    isbn = {9783642378454},
    doi = {10.1007/978-3-642-37846-1},
    issn = {03029743}
}

@book{Mathworks2018SymbolicGuide,
    title = {{Symbolic Math Toolbox: User's Guide}},
    year = {2018},
    author = {{Mathworks}}
}

@book{Pringle2003TechnicalDocumentation,
    title = {{Technical writing 101: a real-world guide to planning and writing technical documentation}},
    year = {2003},
    author = {Pringle, Alan S. and O'Keefe, Sarah},
    pages = {284},
    url = {http://ipac.canterbury.ac.nz/ipac20/ipac.jsp?uri=link=3100006~!16615417~!3100001~!3100002&profile=a},
    isbn = {097047332},
    keywords = {ISBN 978-0-9704733-7-0}
}

@book{Laplante2012TechnicalScientists,
    title = {{Technical Writing :A Practical Guide for Engineers and Scientists}},
    year = {2012},
    author = {Laplante, P.A},
    pages = {246},
    isbn = {9781466503090}
}

@book{Smith-Worthington2011TechnicalSuccess,
    title = {{Technical Writing for Success}},
    year = {2011},
    author = {Smith-Worthington, Darlene and Jefferson, Sue},
    isbn = {9780538450485}
}

@book{Zadeh2018TensorflowLearning,
    title = {{Tensorflow for Deep Learning}},
    year = {2018},
    author = {Zadeh, Reza and Ramsundar, Bharath},
    pages = {556},
    isbn = {978-1491980453}
}

@book{Mcclure2017TensorFlowCookbook,
    title = {{TensorFlow Machine Learning Cookbook}},
    year = {2017},
    author = {Mcclure, Nick},
    isbn = {9781786462169}
}

@book{Hibbs2009TheDevelopment,
    title = {{The Art of Lean Software Development}},
    year = {2009},
    author = {Hibbs, Curt and Jewett, Steve and Sullivan, Mike},
    isbn = {9780596517311}
}

@book{Lester2009TheVerbs,
    title = {{The Big Book of English Verbs}},
    year = {2009},
    author = {Lester, Roy and Franklin, Clyde and Yokota, George},
    isbn = {9780071602884}
}

@book{Martin2011TheProgrammers,
    title = {{The Clean Coder: A Code of Conduct for Professional Programmers}},
    year = {2011},
    author = {Martin, Robert C},
    pages = {256},
    url = {http://books.google.com/books?hl=en&amp;lr=&amp;id=ik0qCTVzl44C&amp;oi=fnd&amp;pg=PT2&amp;dq=The+Clean+Coder:+A+Code+of+Conduct+for+Professional+Programmers&amp;ots=boYufN0NKc&amp;sig=k5XnhrHu2qjXWjvYdxryH7IVlHY},
    isbn = {9780137081073}
}

@book{Surana2017TheComputations,
    title = {{The Finite Element Method for Boundary Value Problems: Mathematics and Computations}},
    year = {2017},
    author = {Surana, Karan S. and Reddy, J. N.},
    isbn = {9781498780506}
}

@book{Zienkiewicz2014TheDynamics,
    title = {{The Finite Element Method for Fluid Dynamics}},
    year = {2014},
    author = {Zienkiewicz, Olgierd C. and Taylor, R. L. and Nithiarasu, P.},
    isbn = {9781856176354}
}

@book{Zienkiewicz2005TheMechanics,
    title = {{The finite element method for solid and structural mechanics}},
    year = {2005},
    author = {Zienkiewicz, Olek C and Taylor, Robert L},
    publisher = {Butterworth-heinemann},
    isbn = {0080455581}
}

@book{Rao2011TheEngineering,
    title = {{The Finite Element Method in Engineering}},
    year = {2011},
    author = {Rao, Singiresu S.},
    keywords = {icle}
}

@book{Lewis2000TheMedia,
    title = {{The finite element method in the static and dynamic deformation and consolidation of porous media}},
    year = {2000},
    author = {Lewis, R W and Schrefler, B A},
    isbn = {0-471-92809-7}
}

@book{Pepper2017TheCOMSOL,
    title = {{The Finite Element Method: Basic Concepts and Applications with MATLAB, MAPLE, and COMSOL}},
    year = {2017},
    author = {Pepper, Darrell W and Heinrich, Juan C.}
}

@book{Zhu2018TheEngineering,
    title = {{The Finite Element Method: Fundamentals and Applications in Civil, Hydraulic, Mechanical and Aeronautical Engineering}},
    year = {2018},
    author = {Zhu, Bofang},
    isbn = {9781119107316}
}

@book{Zienkiewicz2013TheFundamentals,
    title = {{The Finite Element Method: Its Basis and Fundamentals}},
    year = {2013},
    author = {Zienkiewicz, O.C. and Taylor, R.L.},
    keywords = {icle}
}

@book{Larson2013TheApplications,
    title = {{The Finite Element Method: Theory, Implementation, and Applications}},
    year = {2013},
    author = {Larson, Mats G. and Bengzon, Fredrik},
    volume = {10},
    url = {http://link.springer.com/10.1007/978-3-642-33287-6},
    isbn = {9783642332869},
    doi = {10.1007/978-3-642-33287-6}
}

@book{Ries2011TheStartup,
    title = {{The Lean Startup}},
    year = {2011},
    author = {Ries, Eric}
}

@book{daVeiga2014TheProblems,
    title = {{The Mimetic Finite Difference Method for Elliptic Problems}},
    year = {2014},
    author = {da Veiga, Lourenço Beirão and Lipnikov, Konstantin and Manzini, Gianmarco},
    volume = {11},
    publisher = {Springer International Publishing},
    url = {http://link.springer.com/10.1007/978-3-319-02663-3},
    address = {Cham},
    isbn = {978-3-319-02662-6},
    doi = {10.1007/978-3-319-02663-3}
}

@book{JamesV.Green2015TheCanvas,
    title = {{The Opportunity Analysis Canvas}},
    year = {2015},
    author = {{James V. Green}},
    isbn = {9781505983630}
}

@book{Dake1996TheEngineering,
    title = {{The practice of reservoir engineering}},
    year = {1996},
    author = {Dake, L.P.},
    isbn = {978-0-444-50671-9},
    doi = {10.1016/0920-4105(95)00060-7},
    issn = {09204105}
}

@book{Hart2010TheBook,
    title = {{The Ultimate Phrasal Verb Book}},
    year = {2010},
    author = {Hart, Carl W.}
}

@book{Schanz2013TheoreticalMechanics,
    title = {{Theoretical and Numerical Unsaturated Soil Mechanics}},
    year = {2013},
    author = {Schanz, T},
    isbn = {1402035136},
    doi = {10.1007/978-3-642-13920-8}
}
@article{Penumadu1999,
    title = {{Triaxial compression behavior of sand and gravel using artificial neural networks (ANN)}},
    year = {1999},
    journal = {Computers and Geotechnics},
    author = {Penumadu, Dayakar and Zhao, Rongda},
    number = {3},
    month = {4},
    pages = {207--230},
    volume = {24},
    url = {http://linkinghub.elsevier.com/retrieve/pii/S0266352X99000026},
    doi = {10.1016/S0266-352X(99)00002-6},
    issn = {0266352X},
    keywords = {Deviator stress, Gravel, Modeling, Neural networks, Sand, Testing, Triaxial, Volume change}
}

@article{Inoue2005,
    title = {{Um modelo acoplado para fluxo bif{\'{a}}sico em meios porosos elastopl{\'{a}}sticos}},
    year = {2005},
    author = {Inoue, Nelson},
    pages = {147},
    url = {http://www.maxwell.vrac.puc-rio.br/Busca_etds.php?strSecao=resultado&nrSeq=7602@2}
}

@book{Parihar2008,
    title = {{Visualizing flow patterns in coupled geomechanical simulation using streamlines}},
    year = {2008},
    author = {Parihar, Prannay}
}

@book{Chakrabarty2006TheoryPlasticity,
    title = {{Theory of plasticity}},
    year = {2006},
    author = {Chakrabarty, J},
    pages = {896},
    url = {http://books.google.com/books?hl=en&lr=&id=uMcID-tu-8YC&oi=fnd&pg=PP2&dq=Theory+of+plasticity&ots=dAGJbq6QUZ&sig=-d4jjjFGmrIIlUe1p1XNq63z59s},
    isbn = {0750666382},
    doi = {10.1016/B978-0-7506-6638-1.50006-6}
}

@book{Downey2016ThinkPython,
    title = {{Think Python}},
    year = {2016},
    author = {Downey, Allen},
    pages = {234},
    url = {http://www.amazon.com/dp/144933072X},
    isbn = {978-1449330729},
    doi = {10.1145/1010730.1010731},
    issn = {144933072X},
    pmid = {12644146},
    arxivId = {arXiv:1011.1669v3},
    keywords = {Python}
}

@book{Maliska2017TransferenciaEd..,
    title = {{Transferência de calor e mecânica dos fluidos computacional (2a. ed.).}},
    year = {2017},
    author = {Maliska, Clovis Raimundo.},
    pages = {471},
    publisher = {Grupo Gen - LTC},
    url = {https://books.google.com.co/books/about/Transfer%C3%AAncia_de_calor_e_mec%C3%A2nica_dos.html?id=yvIDtAEACAAJ&redir_esc=y},
    isbn = {8521633351}
}

@book{Lade2016TriaxialSoils,
    title = {{Triaxial Testing of Soils}},
    year = {2016},
    author = {Lade, Poul V.},
    isbn = {9781119106623}
}

@book{Kwasniewski2012TrueEditors,
    title = {{True Triaxial Testing of Rocks Editors}},
    year = {2012},
    author = {Kwa{\'{s}}niewski, Marek and Li, Xiaochun and Takahashi, Manabu}
}

@article{Zhou2013Two-StageModels,
    title = {{Two-Stage Algebraic Multiscale Linear Solver for Highly Heterogeneous Reservoir Models}},
    year = {2013},
    journal = {SPE Journal},
    author = {Zhou, Hui and Tchelepi, Hamdi A.},
    number = {02},
    pages = {523--539},
    volume = {17},
    url = {https://www.onepetro.org/journal-paper/SPE-141473-PA},
    isbn = {9781617823862},
    doi = {10.2118/141473-PA},
    issn = {1086-055X}
}

@phdthesis{Guedes1998UmaReservatorios,
    title = {{Uma abordagem multiescala na simula{\c{c}}{\~{a}}o numerica de reservatorios}},
    year = {1998},
    author = {Guedes, Solange da Silva}
}

@article{Li2014UnconditionallyCapillarity,
    title = {{Unconditionally Convergent Nonlinear Solver for Multiphase Flow in Porous Media under Viscous Force, Buoyancy, and Capillarity}},
    year = {2014},
    journal = {Energy Procedia},
    author = {Li, Boxiao and Tchelepi, Hamdi a.},
    pages = {404--411},
    volume = {59},
    publisher = {Elsevier B.V.},
    url = {http://linkinghub.elsevier.com/retrieve/pii/S1876610214017627},
    doi = {10.1016/j.egypro.2014.10.395},
    issn = {18766102},
    keywords = {convergence, flux function, nonlinear solver, reservoir simulation, transport, trust region}
}

@book{Lu2005UnsaturatedMechanics,
    title = {{Unsaturated Soil Mechanics}},
    year = {2005},
    author = {Lu, Ning and Likos, William J},
    pages = {529--540},
    isbn = {0071356576}
}

@book{Fredlund2012UnsaturatedPractice,
    title = {{Unsaturated Soil Mechanics in Engineering Practice}},
    year = {2012},
    author = {Fredlund, D and Rahardjo, H and Fredlund, M}
}

@book{Blight2013UnsaturatedPractice,
    title = {{Unsaturated Soil Mechanics in Geotechnical Practice}},
    year = {2013},
    author = {Blight, Geoffrey E},
    pages = {640},
    url = {http://www.crcnetbase.com/doi/abs/10.1201/b15239-2},
    isbn = {978-0-415-62118-2},
    doi = {10.1017/CBO9781107415324.004},
    issn = {1098-6596},
    pmid = {25246403},
    arxivId = {arXiv:1011.1669v3}
}

@book{Mancuso2012Unsaturated1,
    title = {{Unsaturated Soils: Research and Applications Vol 1}},
    year = {2012},
    author = {Mancuso, Claudio and Jommi, Cristina and D'Onza, F.},
    editor = {Mancuso, Claudio and Jommi, Cristina and D’Onza, Francesca},
    pages = {432},
    publisher = {Springer Berlin Heidelberg},
    url = {http://link.springer.com/10.1007/978-3-642-31116-1},
    address = {Berlin, Heidelberg},
    isbn = {978-3-642-31115-4},
    doi = {10.1007/978-3-642-31116-1}
}

@book{Mancuso2012Unsaturated2,
    title = {{Unsaturated Soils: Research and Applications Vol 2}},
    year = {2012},
    author = {Mancuso, Claudia and Jommi, Cristina and Francesca, D'onza},
    editor = {Mancuso, Claudio and Jommi, Cristina and D’Onza, Francesca},
    publisher = {Springer Berlin Heidelberg},
    url = {http://link.springer.com/10.1007/978-3-642-31343-1},
    address = {Berlin, Heidelberg},
    isbn = {978-3-642-31342-4},
    doi = {10.1007/978-3-642-31343-1}
}

@phdthesis{Sun2012UpscalingModels,
    title = {{Upscaling and Multiscale Simulation by Bridging Pore Scale and Continuum Scale Models}},
    year = {2012},
    author = {Sun, Tie}
}

@book{Wallwork2014UserEnglish,
    title = {{User Guides, Manuals, and Technical Writing. A Guide to Professional English}},
    year = {2014},
    author = {Wallwork, Adrian},
    isbn = {9781493906406},
    doi = {10.1007/978-1-4939-0641-3}
}

@article{Webb2003UsingValue,
    title = {{Using Earned Value}},
    year = {2003},
    author = {Webb, Alan},
    isbn = {0 566 08533 X},
    doi = {10.1157/13101957},
    issn = {0300-2896}
}

@article{R.B.J.2013ValidationAnalysis,
    title = {{Validation of geotechnical finite element analysis}},
    year = {2013},
    author = {R.B.J., Brinkgreve and Engin, E},
    pages = {677--682},
    keywords = {benchmark, discrepancies, fem, finite element method, numerical modelling, validation, verification}
}

@book{Feld2016VentureDeals,
    title = {{Venture Deals}},
    year = {2016},
    author = {Feld, Brad and Mendelson, Jason},
    isbn = {9781119259756},
    doi = {10.1002/9781119259794}
}

@book{PatrickDesjardins2016VisualCondensed,
    title = {{Visual Studio Condensed}},
    year = {2016},
    author = {{Patrick Desjardins}},
    isbn = {9781430268246},
    doi = {10.1007/978-1-4302-6823-9},
    arxivId = {arXiv:1011.1669v3}
}

@article{Nawi2015WeightClassification,
    title = {{Weight Optimization in Recurrent Neural Networks with Hybrid Metaheuristic Cuckoo Search Techniques for Data Classification}},
    year = {2015},
    journal = {Mathematical Problems in Engineering},
    author = {Nawi, Nazri Mohd and Khan, Abdullah and Rehman, M. Z. and Chiroma, Haruna and Herawan, Tutut},
    number = {501},
    pages = {1--12},
    volume = {2015},
    url = {http://www.hindawi.com/journals/mpe/2015/868375/},
    doi = {10.1155/2015/868375},
    issn = {1024-123X}
}

@book{Flockhart2013WorkVerbs,
    title = {{Work on your Phrasal Verbs}},
    year = {2013},
    author = {Flockhart, Jamie and Pelteret, Cheryl},
    isbn = {9783110257038},
    doi = {10.1093/elt/44.2.144}
}

@book{Silyn-Roberts2013WritingEngineering,
    title = {{Writing for Science and Engineering}},
    year = {2013},
    author = {Silyn-Roberts, Heather},
    isbn = {9780080982854}
}

@book{Silyn-Roberts2002WritingReports,
    title = {{Writing for Science and Engineering: Papers, Presentations and Reports}},
    year = {2002},
    author = {Silyn-Roberts, Heather},
    number = {December},
    isbn = {0750646365}
}

@book{Woolever2007WritingProfessions,
    title = {{Writing for the Technical Professions}},
    year = {2007},
    author = {Woolever, Kristin R},
    isbn = {9780321477477}
}

@book{Schimel2012WritingScience,
    title = {{Writing Science}},
    year = {2012},
    author = {Schimel, Joshua}
}