@article{Allen1968,
author = {Allen, D.R.},
doi = {10.2118/1811-PA},
issn = {0149-2136},
journal = {Journal of Petroleum Technology},
number = {01},
pages = {23--29},
publisher = {Society of Petroleum Engineers},
title = {{Physical Changes of Reservoir Properties Caused By Subsidence and Repressuring Operations}},
url = {http://www.onepetro.org/doi/10.2118/1811-PA},
volume = {20},
year = {1968}
}